2917 4859
1499 234 1549 303 8

403 400 694 471 maxime
753 401 1194 493 perspicaces
1270 400 1479 471 faciet
1540 398 1679 469 hoc
1740 399 2046 491 inprimis
2114 400 2279 471 dum
2336 404 2409 472 in
2468 406 2661 497 gravi

407 502 803 595 difficilique
852 514 1254 595 argumento
1302 510 1617 573 versatur.
1618 507 1663 543 “

612 607 686 692 2)
735 602 1068 675 Futurum
1135 628 1330 673 suum
1393 628 1434 675 e
1500 604 1819 697 mortuis
1842 601 2131 675 reditum
2184 598 2529 676 Christum
2590 607 2659 675 in

407 713 636 777 mente
681 706 1034 791 habuisse,
1111 707 1312 775 etiam
1354 716 1641 799 propter
1688 706 1976 797 primam
2023 728 2387 799 personam
2452 709 2660 802 ἐγερῶ

405 830 545 879 non
581 809 938 879 verisimile
977 816 1097 877 est.
1197 809 1322 879 lue
1363 810 1542 877 enim
1580 808 1767 898 apud
1804 828 2034 875 sacros
2074 811 2436 901 scriptores
2478 834 2660 881 sem-

401 932 536 1004 per
582 910 675 979 td
723 911 1252 1003 omnipotentem
1301 911 1509 979 deum
1558 919 1905 980 auctorem
1952 910 2272 979 refertur.
2344 912 2433 980 cf.
2482 934 2547 981 v.
2598 936 2657 983 c.

403 1013 558 1081 Act.
593 1014 663 1101 3,
713 1014 816 1086 15.
859 1015 900 1085 1
925 1011 1086 1081 Cor.
1127 1014 1196 1099 6,
1253 1010 1362 1084 14.
1414 1024 1543 1081 etc.
1646 1011 2079 1102 Quamquam
2125 1014 2361 1105 negari
2409 1016 2663 1105 nequit,

406 1112 612 1207 hujus
659 1115 1040 1207 arg-umenti
1087 1114 1362 1205 pondus
1425 1138 1565 1184 non
1612 1124 1751 1183 tam
1800 1113 1959 1181 loco
2011 1115 2314 1207 cp.10‚
2392 1115 2663 1189 17-18.

405 1236 612 1315 quam
675 1216 967 1308 apostoli
1039 1217 1282 1308 ipsius
1323 1218 1719 1287 auctoritate
1785 1216 2085 1284 nonnihil
2150 1216 2417 1285 elevari.
2518 1218 2664 1287 Sed
2814 1292 2821 1303 ,

405 1338 544 1385 non
595 1318 829 1387 dubito
879 1316 1192 1387 adsentiri
1241 1318 1530 1407 Liickio‘,
1582 1319 1705 1387 cni
1738 1318 2070 1403 «Ioannes,
2125 1319 2241 1408 qui
2290 1320 2667 1389 universnm

405 1420 624 1510 magis
665 1419 1084 1511 sententiam,
1135 1442 1339 1509 quam
1381 1421 1645 1514 singula
1682 1420 1891 1490 verba
1939 1428 2298 1511 spectaret,
2339 1420 2439 1489 ad
2484 1417 2667 1491 hanc

403 1521 768 1591 verborum
830 1522 998 1593 Jesu
1060 1544 1357 1611 suaeque
1419 1522 1879 1616 explicationis
1944 1523 2459 1615 repugnantiam
2524 1526 2669 1593 ani-

404 1644 594 1691 mum
640 1646 778 1693 non
819 1623 1186 1693 advertisse
1232 1626 1514 1694 videtur.
1560 1662 1670 1677 -

577 1726 685 1816 3)
733 1724 878 1795 Sed
927 1727 1194 1795 tertium
1247 1728 1513 1795 accedit
1566 1736 1635 1796 et
1681 1727 1953 1819 gravius
2004 1733 2488 1819 argumentum.
2589 1726 2673 1797 Si

405 1847 570 1895 vere
619 1827 710 1896 de
758 1828 1018 1919 templo
1069 1829 1372 1919 corporis
1417 1830 1842 1919 futuroque
1822 1852 1890 1896 ιιι
1940 1828 2147 1897 vitam
2192 1826 2415 1897 reditu
2456 1813 2671 1897 dixis-

407 1936 516 1999 set
565 1927 874 1999 dominus
925 1937 1172 2017 noster,
1220 1929 1334 1999 hic
1373 1930 1519 2022 ejus
1556 1932 1783 1999 verbis
1822 1952 2051 2003 sensus
2092 1931 2365 1999 inesset.
2415 1931 2673 2017 „inter-

405 2029 590 2099 ficite
640 2054 754 2101 me
795 2055 889 2101 sc.
947 2040 1106 2122 post
1154 2032 1326 2101 duos
1373 2034 1653 2116 annos‚“
1702 2032 1894 2122 quod
1944 2032 2309 2102 absurdum
2360 2039 2464 2099 est
2515 2032 2673 2122 (nisi

405 2133 558 2223 quis
620 2132 756 2201 hac
805 2134 958 2225 ipsa
1021 2132 1114 2201 de
1169 2140 1403 2203 censsa
1450 2144 1741 2203 statuere
1788 2132 2013 2213 malit,
2088 2132 2268 2201 hane
2334 2154 2480 2201 rem
2528 2154 2672 2202 non

403 2233 632 2326 primo
681 2234 798 2303 illo
847 2233 1196 2354 paschate,
1237 2236 1360 2303 sed
1383 2274 1485 2289 —-
1516 2246 1589 2304 ut
1622 2245 1726 2304 est
1762 2235 1947 2326 apud
1982 2235 2279 2323 reliquos
2320 2234 2672 2331 evangeli-

407 2344 592 2405 stas
599 2374 693 2391 -
753 2336 962 2405 serius
1010 2337 1336 2405 accidisse
1383 2339 1621 2429 paucis
1673 2346 1828 2405 ante
1874 2346 2166 2405 mortem
2218 2336 2468 2407 Christi
2518 2336 2670 2405 die-

355 2489 360 2495 .
405 2438 588 2528 bns).
691 2437 920 2523 Quam
957 2436 1438 2507 difficultatem
1502 2448 1577 2507 ut
1630 2439 1944 2523 evitaret,
2017 2435 2276 2529 Meye
2293 2460 2430 2507 rus
2480 2446 2672 2507 recte

403 2538 597 2608 haud
643 2540 852 2609 dubie
895 2540 1157 2627 statuit,
1224 2539 1272 2610 J
1275 2564 1461 2609 esum
1508 2541 1810 2612 Judaeos
1864 2541 2083 2609 statim
2134 2538 2388 2630 aliquid
2442 2540 2673 2609 facere

395 2640 668 2734 jubere.
773 2642 919 2711 Sed
977 2642 1222 2711 utravis
1284 2644 1545 2711 ratione
1609 2644 1987 2711 videremus
2054 2641 2294 2711 Jesum
2346 2640 2673 2712 Judaeos

409 2741 505 2811 ad
551 2766 628 2813 se
671 2743 1242 2831 interficiendum,
1293 2745 1386 2812 nd
1439 2746 1695 2813 crimen
1740 2744 2190 2835 turpissimum
2244 2743 2674 2813 committen-

411 2844 576 2913 dum
651 2846 1038 2913 incitantem
1112 2854 1182 2914 et
1260 2847 1451 2935 quasi
1530 2847 1755 2936 ipsum
1834 2845 2272 2914 interficiendi
2326 2843 2487 2934 jure
2550 2868 2673 2914 eos

411 2945 796 3030 donantem,
847 2946 1038 3035 qnod
1085 2968 1308 3035 neque
1361 2950 1587 3040 potuit
1636 2949 1885 3031 facere,
1939 2969 2159 3035 neque
2209 2969 2509 3034 unquam
2558 2948 2673 3015 fe-

413 3047 524 3117 cit.
625 3049 783 3116 Hoc
858 3058 1041 3117 certe
1110 3057 1286 3117 esset
1349 3041 1760 3141 ἐκπειρᾶζειν,
1806 3042 1935 3119 τὸν
1978 3040 2201 3119 θεόν·
2274 3047 2549 3116 ·Matth.
2598 3050 2675 3135 4,

409 3152 475 3221 7.
577 3149 736 3217 Huc
787 3149 1080 3236 accedit,
1133 3148 1321 3240 quod
1368 3153 1605 3222 Jesum
1656 3152 1868 3220 multo
1931 3159 2090 3242 post
2138 3151 2675 3219 adversariorum

409 3248 683 3320 insidias
735 3252 985 3321 evitare
1039 3252 1379 3339 videmia,
1429 3244 1541 3323 ὅτι
1596 3246 1801 3323 οὔπω
1868 3244 2192 3343 ἐληλύθει
2241 3246 2286 3345 ἡ
2341 3276 2491 3343 moa
2544 3242 2672 3320 αὖ-

412 3354 918 3424 vostcfisoh.
969 3357 1045 3439 7,
1096 3357 1160 3424 6.
1209 3353 1763 3441 3⁰.8‚20.59.
1837 3358 1944 3439 10,
1994 3357 2101 3425 39.
2178 3356 2442 3441 12,36.
2546 3355 2675 3421 At-

411 3476 549 3543 que
601 3454 740 3524 hoc
791 3454 956 3523 mihi
1005 3456 1397 3547 primarium
1447 3454 1714 3523 videtur
1768 3456 1835 3522 in
1890 3453 2247 3523 refutanda
2296 3454 2678 3545 apostolica

408 3556 526 3623 illa
560 3555 808 3625 horum
843 3558 1204 3626 verborum
1245 3556 1708 3649 explicatione.
1810 3554 2023 3647 Cujus
2064 3558 2442 3648 argumenti
2489 3578 2679 3647 pon-

327 3648 334 3657 ’
401 3656 542 3725 dns
590 3660 706 3747 qui
745 3660 1100 3750 sentirent,
1139 3682 1361 3748 neque
1397 3667 1625 3727 tamen
1665 3658 1977 3726 deserere
2020 3659 2272 3727 vellent
2312 3659 2675 3742 Joannem,

413 3781 502 3829 eo
551 3760 1022 3854 confugerunt,
1063 3769 1138 3829 ut
1177 3762 1559 3853 imperativi
1598 3760 1733 3828 vim
1774 3760 2149 3827 elevarent:
2192 3760 2305 3827 alii
2343 3759 2440 3849 (C
2456 3782 2506 3850 y
2519 3783 2555 3827 r
2568 3760 2592 3828 i
2606 3760 2676 3827 l·-

414 3862 549 3929 lus
593 3856 1057 3932 Alexandr.
1111 3886 1405 3953 eumque
1455 3870 1773 3952 sequutus
1824 3860 2365 3951 Boernerus)
2416 3862 2551 3941 ita,
2592 3868 2675 3929 ut

397 3986 574 4059 ‘eum
620 3986 752 4055 pro
801 3964 1031 4032 futuro
1081 3966 1377 4056 positum
1431 3986 1579 4032 esse
1629 3962 1966 4043 dicerent3
2018 3962 2127 4029 alii
2180 3963 2272 4051 (v.
2326 3986 2385 4033 e.
2447 3963 2674 4030 Tho-

415 4066 700 4133 lucciu
717 4066 782 4155 s)
842 4066 933 4133 ita
951 4116 972 4153 ‚
1023 4076 1096 4135 ιιι
1146 4089 1232 4137 eo
1285 4068 1497 4135 solam
1548 4065 2002 4134 conditionem
2050 4062 2333 4132 indicari
2386 4074 2673 4133 conten-

416 4166 654 4234 derent
673 4216 694 4251 ,
755 4166 881 4235 sub
931 4191 1068 4256 qua
1119 4168 1372 4256 aliquid
1421 4168 1721 4235 futurum
1772 4174 1991 4235 esset:
2064 4165 2203 4235 hoc
2260 4165 2517 4235 modo:
2567 4167 2675 4253 „si

267 4350 270 4353 .
413 4288 527 4333 me
575 4266 1032 4337 interfeceritis
1085 4273 1260 4338 etc.“
1361 4268 1504 4338 Sed
1558 4278 1740 4338 caret
1786 4267 1959 4337 haec
2008 4267 2179 4337 ratio
2236 4268 2673 4338 fundamento
