2917 4859
1116 0 1171 4 ἡ
1400 0 1437 18 Ὗ

1457 272 1509 339 9

332 440 786 535 grammatico
877 457 1099 527 neque
1175 434 1591 530 argumentis
1666 434 1927 505 idoneis
2004 435 2282 507 defendi
2358 445 2605 529 potest.

333 544 614 613 Etenim
665 540 1096 645 imperativus
1143 538 1215 607 in
1263 539 1465 631 hujus
1516 538 1783 629 generis
1830 538 1997 608 locis
2058 561 2397 629 nunquam
2466 542 2609 611 sine

340 666 548 713 causa
568 666 796 734 neque
818 644 910 710 ita
933 640 1192 733 positus
1215 650 1341 727 est,
1365 650 1440 709 ιιι
1465 639 1629 707 nihil
1648 639 1991 730 jubeatur.
2020 641 2107 707 cf.
2134 640 2207 709 S.
2242 640 2407 711 Ven.
2443 642 2610 711 wi-

337 748 532 817 neri
582 767 870 838 gramm.
921 764 1046 835 pg.
1083 744 1234 815 258.
1287 766 1386 832 sq.
1439 741 1553 813 ed.
1603 743 1667 811 3.
1717 763 1841 834 pg.
1880 743 2033 813 288.
2089 765 2189 832 sq.
2240 743 2351 810 ed.
2401 746 2468 814 4.
2520 742 2612 812 ad

335 870 555 939 quam
605 846 1148 916 Tholuccius
1185 843 1432 913 frustra
1466 854 1833 936 provocat,
1874 852 1951 909 ut
1988 844 2382 913 sententiam
2420 866 2611 915 suam
2706 884 2713 889 -

341 948 696 1019 defendat.
807 948 920 1018 An
991 945 1208 1014 credit
1274 946 1378 1015 vir
1441 946 1683 1015 doctus
1700 995 1722 1033 ‚
1758 945 2029 1013 desum
2095 946 2265 1015 Luc.
2336 949 2443 1027 10,
2500 948 2611 1019 28.

341 1053 574 1123 verbis
624 1051 844 1121 τοῦτο
895 1048 1080 1119 ποίει
1127 1046 1246 1117 καὶ
1296 1039 1496 1141 §vitm-
1532 1047 1671 1115 hoc
1724 1048 1941 1115 solum
1996 1046 2223 1117 dicere
2249 1072 2305 1117 :-
2348 1048 2489 1115 hoc
2556 1048 2614 1117 si

343 1155 597 1223 feceris
612 1203 634 1240 ‚
685 1154 967 1233 vives“;
999 1172 1171 1219 anne
1213 1151 1437 1241 potius
1491 1148 1784 1240 graviter
1820 1148 2120 1239 jubere:
2175 1150 2313 1236 „ita
2347 1150 2495 1235 fac,
2542 1158 2615 1219 et

345 1258 438 1341 (si
493 1255 766 1345 feceris)
816 1252 1096 1325 vives‘ff·
1141 1288 1249 1303 —
1294 1252 1521 1320 Aliam
1572 1250 1749 1319 viam
1798 1249 2616 1343 Heubnerusingres-

349 1380 469 1427 sus
521 1365 652 1438 est,
690 1354 796 1440 ιιι,
836 1352 1188 1444 quomodo
1219 1354 1428 1422 «Iesus
1465 1352 1859 1444 imperativo
1900 1353 1996 1420 uti
2039 1355 2355 1444 potuerit,
2382 1342 2615 1422 osten-

348 1459 576 1535 deret.
671 1456 946 1527 Scilicet
992 1456 1198 1576 plane
1247 1455 1493 1523 eodem
1556 1452 1803 1538 modo,
1857 1475 1995 1543 quo
2045 1454 2291 1523 Matth.
2336 1460 2447 1542 23,
2483 1455 2615 1528 ⁴82.

348 1590 402 1647 ⁴„
379 1560 518 1645 ,καὶ
539 1551 744 1647 ὑμεῖς
784 1548 1190 1650 πληρώσατε
1229 1548 1312 1626 τὰ
1353 1556 1609 1648 μέτρον
1644 1557 1787 1627 τῶν
1816 1554 2133 1647 πατέρων
2168 1550 2439 1645 15μῶνῷ
2486 1558 2615 1627 Je-

350 1684 507 1731 sum
553 1662 648 1727 ita
699 1657 1050 1747 loquutum
1111 1680 1260 1727 esse
1315 1667 1544 1748 putat,
1611 1666 1688 1724 ut
1736 1658 1989 1723 animos
2038 1657 2269 1727 feriret
2317 1669 2425 1744 et,
2477 1680 2617 1746 quo

351 1786 436 1833 se
482 1762 632 1854 jam
697 1762 938 1853 abripi
982 1768 1373 1852 paterentur
1430 1759 1777 1827 audientes
1791 1807 1812 1844 ‚
1884 1759 2197 1850 aperiret.
2302 1760 2445 1829 Sed
2504 1761 2620 1830 iile

351 1865 546 1957 apud
593 1863 1024 1932 Matthaeuni
1072 1861 1262 1931 locus
1315 1883 1450 1929 non
1486 1868 1688 1929 recte
1753 1882 1908 1928 cum
1972 1870 2201 1930 nostro
2220 1862 2637 1975 componif

351 1978 516 2037 tur.
561 1965 659 2034 ibi
713 1966 890 2034 enim
939 1986 1026 2032 ex
1073 1972 1221 2031 toto
1271 1962 1587 2031 orationis
1626 1970 1860 2030 tenore
1902 1946 2274 2037 luculentdr
2312 1963 2619 2055 adparet,

351 2069 602 2138 «Iesum
650 2090 790 2135 non
825 2066 1109 2158 Jubere‚
1149 2064 1336 2154 quod
1389 2064 1539 2131 fieri
1588 2064 1824 2146 vellet,
1876 2064 2003 2131 sed
2051 2084 2314 2132 summo
2379 2066 2621 2137 doloro

353 2168 682 2263 affectum
731 2166 1010 2236 tandem
1054 2165 1480 2257 permittere,
1531 2165 1720 2255 quod
1766 2165 2053 2256 amplius
2104 2166 2437 2257 impedire
2480 2188 2622 2237 non

353 2265 612 2364 posset.
665 2270 754 2338 cf.
818 2269 1144 2339 Wineri
1209 2289 1496 2360 gramm.
1564 2288 1687 2359 pg.
1749 2269 1900 2340 258.
1936 2266 2077 2336 ed.
2137 2271 2201 2339 3.
2264 2291 2393 2361 pg.
2460 2270 2621 2343 287.

357 2372 474 2443 ed.
537 2374 602 2444 4.
702 2372 954 2441 Nostro
1011 2390 1188 2437 vero
1267 2371 1422 2437 loco
1455 2414 1461 2422 -
1500 2368 1863 2455 adversarii
1940 2371 2108 2440 Jesu
2180 2392 2338 2439 eum
2416 2372 2622 2441 inter-

262 2514 271 2517 -
355 2473 634 2543 ficiendi
685 2473 1030 2542 eonsilium
1076 2469 1375 2539 nondum
1433 2470 1899 2560 prodiderant.
1956 2511 2048 2522 —

572 2574 769 2659 Quae
825 2596 1034 2665 quum
1091 2574 1184 2640 ita
1233 2572 1396 2657 sint,
1449 2595 1493 2639 a
1541 2572 1737 2639 nobis
1784 2573 2149 2662 impetrare
2200 2593 2336 2641 non
2374 2594 2623 2665 possu-

353 2698 552 2765 mus,
609 2685 685 2743 ut
741 2677 814 2743 in
865 2674 1154 2767 apostoli
1223 2674 1615 2741 sententiam
1676 2673 2117 2773 discedamus.
2216 2678 2451 2764 Neque
2502 2700 2627 2745 eo-

359 2800 519 2847 rum
571 2776 760 2869 apud
809 2800 933 2845 nos
983 2776 1164 2844 valet
1215 2776 1607 2859 auctoritas,
1660 2773 1777 2863 qui
1826 2814 1931 2827 —-
1983 2784 2061 2843 ιιι
2112 2775 2625 2849 Kuinoelius

361 2890 570 3005 atque
621 2878 1154 2949 Tholuccius
1215 2917 1305 2929 -—
1359 2876 1515 2944 loco
1562 2875 1810 2944 Matth.
1874 2878 1979 2962 12,
2027 2876 2147 2950 4⁰.
2191 2868 2457 2971 (ωσπερ
2492 2872 2625 2973 γὰρ

359 2966 456 3075 ἦν
495 2974 730 3065 Ἰωνᾶς
792 2979 866 3050 ἐν
912 2983 998 3071 τῇ
1051 2980 1276 3070 κοιλίᾳ
1319 2981 1458 3049 τοῦ
1509 2970 1773 3069 κήτους
1800 2989 1985 3069 τρεῖς
2007 2970 2270 3071 ἡμέρας
2299 2982 2413 3050 καὶ
2441 2992 2627 3074 τρεῖς

361 3076 659 3166 νύκτας·
690 3072 924 3165 οὕτως
977 3082 1165 3150 ἔσται
1207 3075 1250 3149 6
1302 3071 1471 3164 υίὸς
1518 3082 1655 3149 τοῦ
1700 3070 2095 3171 ἀνθρώπου
2148 3080 2222 3151 ἐν
2255 3084 2342 3174 τῇ
2377 3086 2628 3178 καρδίᾳ

363 3188 498 3279 τῆς
546 3186 678 3276 γῆς
731 3194 917 3275 τρεῖς
958 3176 1227 3275 ἡμέρας
1275 3181 1393 3250 καὶ
1441 3192 1627 3272 τρεῖς
1675 3174 1961 3267 νύκτας)
2009 3182 2629 3275 interpretationem

367 3286 815 3379 apostolicam
876 3286 1188 3353 mirifice
1207 3283 1586 3377 confirmari
1639 3282 1885 3351 dicunt.
1986 3286 2163 3352 Nam
2214 3286 2329 3375 qui
2387 3289 2629 3380 genui-
2694 3346 2705 3355 .

365 3410 458 3457 na
501 3388 678 3455 haec
727 3386 938 3453 verba
999 3395 1068 3455 et
1119 3386 1209 3454 ab
1257 3385 1465 3475 ipsius
1513 3384 1685 3455 Jesu
1734 3407 1854 3453 ore
1901 3386 2214 3476 profecta
2280 3412 2427 3457 esse
2490 3412 2631 3482 pu·-

366 3497 552 3575 tant,
597 3487 980 3577 quomodo
1046 3528 1125 3539 -
1190 3508 1443 3575 quaeso
1512 3524 1591 3536 —-
1658 3485 1796 3554 hoc
1870 3487 2248 3556 vaticinium
2320 3512 2474 3559 cum
2548 3494 2628 3563 iis

369 3590 938 3682 evangelistarum
972 3582 1359 3658 testimoniis
1387 3587 1871 3674 conciliabunt,
1912 3590 2150 3676 quibus
2190 3590 2425 3659 Jesum
2464 3593 2630 3665 duas

281 3700 297 3709 “
371 3714 707 3783 summurn
746 3700 978 3758 noctes
1011 3692 1080 3758 in
1121 3690 1434 3809 sepulcro
1455 3682 1679 3757 fuisse
1712 3691 2059 3759 nuntiant?
2164 3692 2315 3760 Sto
2334 3718 2485 3762 rrn
2508 3694 2631 3790 1⁰)

374 3795 552 3865 enim
605 3794 1052 3885 computatio,
1105 3792 1220 3881 qui
1271 3786 1549 3859 efficere
1583 3792 1841 3878 studet,
1870 3793 2077 3861 tribus
2120 3792 2355 3865 diebus
2382 3797 2633 3867 tribus·-

371 3919 509 3988 que
551 3896 861 3965 noctibus
915 3916 1054 3963 non
1103 3893 1370 3984 longius
1408 3896 1731 3984 temporis
1772 3893 2063 3984 spatium
2088 3894 2400 3986 indicari,
2428 3922 2633 3987 quam

376 3997 565 4089 quod
621 4002 810 4066 Jesus
858 3995 928 4063 in
990 3996 1304 4088 sepulcro
1359 3995 1661 4087 degerit,
1727 3996 1961 4087 paucis
1979 4046 1998 4077 ,
2064 3997 2343 4090 opinor,
2392 4002 2633 4091 place-

373 4102 494 4170 bit.
575 4094 809 4203 ῼιιιιιθ
852 4096 1028 4167 haec
1088 4098 1298 4166 verba
1345 4120 1424 4165 eo
1488 4097 1705 4190 magis
1768 4105 2084 4190 suspecta
2148 4120 2295 4169 esse
2359 4101 2635 4191 debent,

554 4318 664 4400 10)
708 4322 745 4381 1.
789 4338 959 4402 supra
1007 4320 1098 4381 eit.
1146 4340 1245 4401 pg.
1291 4315 1432 4385 192
1478 4325 1597 4382 not.
1642 4314 1744 4381 28.
1786 4350 1883 4413 -7
