2917 4859
1379 272 1499 341 ’13

321 441 482 511 alibi
501 489 525 527 ‚
571 440 688 510 ubi
739 436 1086 533 inpropria
1135 437 1282 530 ejus
1343 439 1554 507 verba
1614 437 1895 529 proprio
1962 459 2163 506 sensu
2230 436 2583 528 capiuntur

287 546 410 612 ·ab
435 584 440 591 -
462 534 885 625 audientibus
901 592 926 630 ‚
978 542 1214 611 melius
1281 541 1410 609 hos
1478 540 1769 609 edocere
1831 551 1902 608 et
1964 538 2053 606 ad
2125 539 2583 607 sublimiorem

319 648 521 714 istum
571 668 834 713 sensum
887 644 1142 713 animos
1196 666 1429 712 eorum
1474 642 1825 711 advertere
1866 642 2072 725 solet,
2110 642 2295 709 velut
2330 638 2579 709 Matth.

321 749 427 834 16,
490 750 535 820 5
561 750 772 817 -12
837 747 1000 817 Joh.
1064 747 1130 831 4,
1199 749 1300 815 11.
1364 747 1431 832 6,
1494 747 1596 817 52
1666 768 1815 833 sqq.
1917 744 2077 812 Hoc
2140 753 2365 812 tamen
2410 744 2582 812 loco

319 858 506 917 tacet
529 898 552 935 ,
623 871 847 938 neque
925 849 1164 918 erroris
1233 869 1350 915 eos
1415 847 1765 918 convincit.
1894 845 2039 914 Sed
2063 891 2084 927 ‚
2164 844 2352 934 quod
2418 866 2581 935 gra-

319 950 464 1019 vius
533 960 634 1018 est
646 1001 672 1039 ,ι
731 973 936 1019 nemo
996 950 1194 1017 facile
1260 948 1869 1033 demonstraverit‚‘
1916 948 2101 1019 ναοῦ
2172 945 2581 1015 vocabulum

322 1075 474 1121 eam
537 1053 794 1120 habere
855 1059 1290 1143 potestatem,
1365 1059 1440 1118 ut
1504 1051 1891 1141 simpliciter
1948 1071 2137 1117 sacra
2204 1048 2583 1141 significare

320 1153 556 1246 possit.
658 1154 753 1221 Et
806 1155 1108 1243 quamvis
1144 1152 1564 1241 HenkiuS,
1617 1150 1994 1219 Liickius
2052 1159 2120 1218 et
2158 1152 2275 1239 qui
2312 1172 2429 1218 eos
2466 1170 2581 1217 se-

323 1258 516 1346 quuti
569 1264 737 1341 sunt,
791 1278 928 1324 non
983 1264 1122 1323 tam
1164 1256 1346 1322 hanc
1385 1255 1456 1321 in*
1496 1276 1578 1321 eo
1620 1255 1953 1322 vocabulo
1986 1252 2329 1337 notionem
2366 1266 2581 1341 quae-

321 1368 495 1445 rant,
542 1380 786 1446 quam,
834 1358 907 1424 id
961 1357 1148 1447 quod
1187 1394 1293 1409 -—
1333 1378 1418 1423 ne
1468 1356 1707 1447 injuria
1756 1356 1833 1423 iis
1883 1357 2003 1423 fiat
2036 1343 2143 1406 -‘
2177 1355 2397 1445 probe
2448 1354 2582 1421 ob·-

321 1458 724 1528 servandum
803 1468 938 1546 est,
1021 1458 1204 1527 hunc
1283 1480 1551 1526 sensum
1624 1480 1709 1527 ex
1776 1480 1860 1525 eo
1934 1457 2176 1526 elicere
2252 1455 2581 1543 studeant,

321 1570 548 1629 tamen
616 1584 704 1647 ne
766 1560 904 1628 hoc
969 1560 1246 1650 quidem
1319 1558 1595 1627 defendi
1659 1567 1909 1650 potest.
2013 1558 2241 1627 Facile
2306 1556 2583 1647 quidem

225 1696 230 1710 ·
320 1662 460 1731 hoc
517 1663 800 1755 largior,
875 1663 1358 1754 per-obscuram
1421 1684 1569 1729 esse
1622 1670 1692 1729 et
1744 1682 2173 1750 nequaquam
2236 1660 2395 1728 satis
2456 1652 2606 1727 ex?

319 1766 643 1857 plicatam
695 1764 1155 1851 difficillimam
1203 1766 1386 1832 illam
1439 1763 1894 1853 quaestionem
1947 1762 2037 1829 de
2086 1762 2309 1830 verbis
2364 1770 2583 1829 trans·

321 1868 494 1934 latis.
599 1868 998 1934 Rectissime
1034 1875 1260 1935 tamen
1297 1866 1450 1957 jam
1511 1864 1823 1934 Cicero
1878 1864 2052 1932 libro
2088 1863 2214 1935 111.
2270 1862 2359 1931 de
2410 1870 2577 1931 orat.

322 1964 399 2063 §.
439 1968 581 2041 155.
625 1967 859 2056 docet,
897 1967 1173 2037 modum
1213 1966 1659 2035 transferendi
1707 1966 1895 2033 verbi
1936 1990 1975 2033 a
2013 1965 2408 2033 necessitate
2447 1986 2574 2056 ge-

320 2071 557 2156 nitum,
607 2078 766 2161 post
804 2094 847 2137 a
888 2070 1336 2138 delectatione
1383 2078 1452 2139 et
1494 2067 1922 2160 jucunditate
1963 2068 2375 2137 celebratum
2414 2088 2579 2134 esse.

320 2174 547 2258 „Nam
600 2180 676 2239 ut
725 2173 922 2240 vestis
973 2172 1240 2263 frigoris
1293 2168 1682 2261 depellendi
1732 2193 1965 2241 caussa
2012 2178 2283 2261 reperta
2331 2168 2579 2259 primo,

321 2281 482 2366 post
545 2272 854 2341 adhiberi
917 2282 1164 2364 coepta
1223 2284 1326 2341 est
1377 2273 1469 2339 ad
1529 2280 1836 2341 ornatum
1894 2272 2096 2341 etiam
2149 2268 2451 2362 corporis
2511 2277 2581 2337 et

325 2374 753 2466 dignitatem:
807 2376 902 2443 sic
939 2376 1129 2443 verbi
1168 2375 1510 2443 translatio
1546 2375 1839 2442 instituta
1880 2383 1983 2442 est
2018 2374 2287 2463 inopiae
2326 2392 2581 2458 caussa,

276 2477 748 2567 ..frequentata
802 2474 1325 2545 delectationis-‘⁶
1387 2515 1481 2529 -
1543 2514 1634 2527 --
1700 2476 1955 2562 „Quod
2017 2476 2193 2543 enim
2253 2474 2582 2551 declarari

317 2580 438 2647 vix
485 2578 720 2657 verbo⁴
749 2580 1030 2670 proprio
1077 2586 1336 2670 potest,
1401 2578 1476 2645 id
1525 2580 1843 2647 translato
1872 2600 2102 2667 quum
2154 2585 2256 2646 est
2303 2575 2579 2662 dictum,

317 2682 608 2749 illustrat
653 2679 750 2763 id,
803 2680 1007 2769 quod·
1024 2680 1304 2771 intelligi
1352 2678 1683 2765 volumuS,
1738 2678 1885 2771 ejus
1926 2680 2047 2761 rei,
2106 2701 2312 2768 quam
2361 2678 2583 2746 alieno

318 2784 538 2851 verbo
597 2782 1004 2874 posuimus(
1031 2781 1452 2850 similitudo.“
1487 2792 1493 2797 “
1538 2781 1849 2871 Propriis
1900 2789 2125 2849 autem
2173 2779 2395 2849 verbis
2450 2778 2583 2847 ltoc

322 2884 654 2953 declarari
688 2905 824 2953 non
873 2871 1209 2974 potuisse,
1249 2882 1435 2972 quod
1474 2883 1711 2953 Jesum
1761 2884 1899 2951 hoc
1934 2884 2112 2977 ‘loco
2163 2882 2581 2973 significasse

320 2985 560 3055 volunt
615 2986 709 3053 illi
723 3035 743 3070 ‚
796 3008 964 3074 quos
1018 2984 1298 3053 diximus
1313 3036 1333 3072 ‚
1397 2986 1793 3075 interpretes
1808 3036 1828 3071 ‚
1892 3008 2095 3053 nemo
2143 2981 2581 3052 contenderit.

288 3089 570 3177 -Neque
622 3088 767 3176 quis
820 3087 1072 3173 dixerit,
1132 3088 1308 3153 hanc
1357 3086 1858 3154 translationem
1913 3095 2054 3155 tam
2104 3076 2451 3177 vulgarem
2512 3092 2584 3153 et

321 3198 469 3257 tam
519 3190 788 3257 facilem
837 3180 1043 3256 fnisse
1096 3187 1185 3255 ad
1227 3187 1775 3279 intelligendum,
1822 3196 1931 3274 ut,
1987 3187 2151 3277 quid
2203 3187 2330 3255 sibi
2377 3184 2583 3255 vellet

319 3291 554 3378 Jesus,
589 3311 725 3358 non
767 3292 1142 3381 potuissent
1179 3311 1318 3357 non
1370 3290 1753 3380 perspicere
1789 3289 2073 3371 Judaei3
2101 3289 2313 3357 multo
2361 3288 2581 3357 minus

315 3394 419 3461 ita
459 3402 948 3485 comparatam,
998 3400 1071 3459 ut
1116 3413 1264 3459 rem
1307 3391 1631 3461 illustrare
1679 3399 1931 3483 posset.
2033 3392 2181 3459 Imo
2234 3390 2583 3459 obscurius

313 3496 644 3584 loquutus
710 3502 888 3562 esset
934 3494 1130 3565 Jesus
1191 3492 1328 3559 hoc
1389 3493 1585 3577 loco,
1662 3515 1800 3581 quo
1848 3516 2004 3561 eum
2054 3493 2344 3560 obscure
2391 3490 2583 3579 loqui

317 3588 618 3685 voluisse
672 3618 915 3687 parum
975 3593 1299 3685 credibile
1358 3601 1517 3666 est„
1578 3595 1763 3662 Nihil
1828 3597 2006 3664 enim
2068 3594 2260 3663 inest.
2299 3594 2369 3661 in
2434 3592 2582 3684 ejus

318 3699 547 3767 verbis
566 3749 587 3785 ,
651 3697 832 3765 unde
879 3696 1126 3768 Judaei
1177 3696 1514 3787 suspicari<
1543 3697 1948 3787 potuissent,
1997 3718 2154 3764 eum
2204 3695 2583 3785 symbolice

321 3800 438 3869 vel
479 3800 842 3891 allegorice
885 3799 1236 3889 loquutum
1287 3820 1475 3868 esset
1525 3798 1592 3865 in
1645 3806 1788 3867 tota
1832 3792 2279 3867 enuntiatione
2326 3796 2585 3865 nullum

321 3910 433 3970 est
481 3902 785 3988 verbum,
822 3901 1010 3991 quod
1033 3901 1404 3992 improprie
1442 3900 1673 3992 ,accipi
1726 3901 2008 3969 debeat:
2056 3892 2253 3969 λύειν
2292 3900 2468 3967 enim
2514 3905 2585 3965 et

317 4002 604 4096 ἐγείρειν
655 4004 856 4091 etiam
911 4002 1101 4094 apud
1154 4002 1458 4071 Graecos
1513 4002 1601 4069 de
1654 4001 1991 4071 diruendis
2052 4012 2121 4071 et
2172 3998 2581 4069 exstruendis

317 4104 642 4173 aedificiis
671 4105 822 4191 dici,
858 4105 1182 4199 exemplis
1208 4105 1384 4173 bene
1421 4104 1643 4173 multis
1676 4105 2112 4175 ostenderunt
2149 4103 2583 4193 interpretes:

317 4217 395 4276 et
447 4206 615 4275 illud
665 4206 915 4299 ἐγερεῖς
965 4231 1032 4279 v,
1070 4210 1182 4281 20.
1236 4206 1483 4275 eodem
1523 4228 1722 4275 sensu
1756 4207 2009 4276 dictum
2057 4227 2225 4287 esse,
2275 4226 2383 4273 res
2432 4204 2583 4295 ipsa

317 4310 548 4379 docet.
629 4310 1094 4400 Perspicuitati
1126 4308 1329 4402 igitur
1371 4309 1548 4379 male
1583 4310 2018 4378 consuluisset
2057 4308 2277 4393 Jesus,
2304 4307 2359 4375 si
2393 4307 2581 4377 ναοῦ
