2917 4859
1427 267 1520 347 ,11

549 697 760 785 Quod
810 704 867 767 si
915 700 1226 793 apostolo
1273 698 1343 767 in
1392 698 1577 767 dicto
1625 702 1785 769 Jesn
1838 700 2241 793 explicando
2292 702 2607 777 adsentiri

336 802 692 902 nequimus
713 852 735 885 ‚
787 824 1021 870 eornm
1071 803 1264 872 nobis
1319 801 1800 871 examinandae
1844 813 2036 871 erunt
2072 808 2457 895 sententiae,
2489 810 2607 900 qui

307 906 510 993 alia,
535 914 740 993 atque
793 926 907 991 ea,
936 903 1026 972 de
1083 928 1222 994 qua
1268 904 1595 972 hactenns
1648 914 1871 973 aetum
1928 914 2067 993 est,
2107 908 2365 978 ratione
2402 910 2606 1005 hujus

341 1007 488 1075 loei-
556 1006 773 1075 nodos
855 1004 1184 1098 expedire
1249 1030 1456 1099 posse
1527 1007 1651 1075 sibi
1714 1006 2130 1076 videbantur.
2234 1009 2329 1080 Et
2402 1034 2608 1105 snpra

329 1107 488 1203 jam
515 1108 1222 1192 commemoravimu3‚
1272 1106 1698 1181 Henkium
1749 1110 2045 1199 primum
2094 1112 2317 1180 multis
2370 1123 2609 1183 aucto-

343 1233 493 1279 rem
564 1209 885 1279 exstitisse
907 1261 928 1297 ,
1004 1224 1082 1278 ut
1150 1211 1519 1303 allegorico
1570 1208 1867 1299 quodam
1944 1234 2144 1280 sensu
2215 1214 2467 1297 Jesnm
2518 1214 2609 1286 de

345 1313 607 1404 templo
692 1320 760 1379 et
833 1312 1256 1381 destruendo
1310 1321 1380 1381 et
1445 1312 1878 1380 instaurando
1950 1312 2193 1383 dixisse
2256 1326 2611 1409 putarent:

345 1414 440 1504 ita
518 1423 594 1482 ut
659 1434 794 1481 non
845 1415 1081 1505 templi
1135 1413 1515 1483 aedificium
1576 1414 1835 1505 ipsum,
1903 1414 2023 1482 sed
2101 1438 2305 1485 sacra.
2362 1408 2611 1488 Judai'-

349 1538 436 1584 ea
509 1517 578 1583 in
633 1523 858 1583 mente
933 1514 1412 1606 habuerit14).
1542 1517 1820 1597 Praeter
1898 1516 1970 1583 H
1995 1540 2095 1583 er
2122 1517 2169 1585 d
2197 1541 2236 1586 e
2264 1542 2369 1587 ru
2396 1543 2466 1587 m
2544 1530 2613 1591 et

346 1617 1198 1707 Eckermannumffi)
1263 1617 1440 1684 viam
1510 1618 1598 1685 ab
1659 1617 2008 1686 Henkio
2077 1626 2391 1687 tentatam
2459 1645 2611 1691 mu-

346 1719 493 1817 nire
568 1717 966 1788 studuerunt
1052 1718 1631 1811 Paulnslflj,
1712 1718 2293 1804 'Luckiuslm
2360 1722 2613 1795 Blee-

347 1968 480 2044 gnis
517 1966 704 2027 verbis
746 1966 824 2027 de
858 1966 1048 2027 futura
1083 1984 1189 2027 aua
1229 1972 1414 2028 morte
1457 1971 1634 2043 atque
1674 1966 1821 2027 adeo
1862 1967 1939 2027 de
1976 1969 2103 2047 ipso
2150 1971 2365 2050 spplicii
2406 1992 2615 2051 genem

343 2052 516 2111 Jesus
564 2052 830 2129 loquatur
843 2096 862 2125 ‚
926 2056 1116 2113 tamen
1166 2052 1420 2131 discipuli
1472 2051 1593 2127 ejus
1640 2052 1745 2109 hos
1788 2071 2075 2114 sermones
2120 2074 2240 2117 non
2284 2057 2617 2119 intellexisse

349 2136 632 2195 dicuntur.
719 2137 790 2195 cf.
837 2135 1060 2205 Hase:
1118 2134 1154 2193 l.
1199 2156 1258 2194 e..
1290 2134 1330 2214 §
1373 2131 1513 2195 109.
1557 2169 1645 2179 -—
1694 2134 1992 2195 Caeterum
2034 2138 2190 2221 lege,
2254 2160 2402 2217 quae
2441 2132 2615 2203 Liie-

347 2220 511 2279 kius
543 2221 600 2278 in
627 2220 1022 2278 commentario
1053 2238 1150 2297 pg.
1181 2214 1326 2278 432.
1356 2221 1445 2279 ed.
1469 2214 1528 2279 2.
1552 2222 1610 2277 et
1637 2218 1718 2277 Bl
1736 2220 1979 2279 eekius
2006 2222 2175 2281 theol.
2200 2224 2365 2285 Stud.
2388 2248 2441 2286 u.
2466 2226 2613 2287 Krit.

351 2298 539 2363 1833.
583 2304 710 2361 Hst.
753 2302 824 2361 ΙΙ.
867 2322 964 2381 pg.
1007 2298 1149 2362 448.
1192 2322 1310 2379 seq.
1355 2334 1440 2347 —-
1486 2301 1869 2381 disputarunt,
1932 2310 1997 2365 ut
2040 2306 2112 2365 ab
2154 2310 2396 2386 apostoli
2444 2312 2617 2371 inter-

347 2388 672 2467 pretatione
715 2388 1016 2445 reeedendi
1047 2388 1142 2464 jus
1193 2388 1297 2445 eibi
1335 2388 1697 2445 vindicarent.
1742 2420 1831 2433 -·

529 2466 639 2549 14)
698 2472 962 2529 Henkii
1015 2472 1188 2530 verba
1244 2472 1279 2529 Ι.
1339 2472 1430 2530 eit.
1494 2471 1633 2531 haec
1680 2476 1845 2529 sunt:
1908 2472 2153 2545 „diruite
2210 2480 2457 2536 vestrum
2508 2476 2619 2539 hoe

353 2555 658 2633 templum,
723 2554 1048 2630 utinamque
1091 2555 1210 2631 jam
1262 2554 1544 2613 sublatum
1596 2561 1749 2613 esset
1798 2555 1907 2613 hoe
1956 2558 2224 2635 probrum
2271 2566 2330 2619 et
2376 2560 2618 2621 melioria
2736 2573 2744 2577 “’

355 2639 682 2717 disciplinae
724 2638 1098 2697 obstaculum!
1143 2639 1463 2697 brevissimo
1499 2646 1753 2717 tempore
1796 2658 2037 2713 novum,
2080 2642 2190 2701 imo
2234 2644 2477 2703 sanctius
2517 2646 2618 2703 ali-

357 2724 588 2799 quando
644 2722 964 2781 instaurabo
1021 2722 1073 2781 h.
1115 2742 1166 2781 e.
1217 2723 1498 2780 meliorem
1552 2722 1876 2798 religionem
1928 2726 2149 2783 tradam
2203 2732 2261 2785 et
2314 2728 2371 2787 in
2434 2728 2619 2789 locum

357 2824 642 2864 sacrorum
709 2802 1020 2864 vestrorum
1083 2806 1418 2865 sufficiam.“
1500 2804 1799 2885 Proposita
1855 2812 2042 2866 tamen
2098 2809 2205 2869 hae
2254 2812 2622 2890 explicatione

357 2890 716 2960 Henkius„
757 2908 832 2949 ne
874 2890 1071 2964 injuria
1109 2890 1269 2949 fieret
1305 2890 1587 2968 apostolo,
1628 2910 1785 2949 snam
1814 2896 1871 2949 et
1898 2893 2261 2993 apostolicam
2288 2898 2621 2957 sententiam

357 2975 440 3033 ita
479 2975 626 3032 inter
667 2992 728 3031 se
769 2973 1058 3031 conciliare
1099 2975 1355 3049 tentavit,
1401 2980 1467 3031 ut
1504 2969 1659 3035 ναόν
1700 2978 1812 3035 τοῦ
1852 2993 2126 3053 σωματος
2163 2997 2215 3035 v.
2260 2975 2361 3043 21.
2404 2980 2621 3058 allego·

359 3059 474 3117 rice
517 3058 591 3117 de
629 3057 860 3117 ecclesia
901 3057 1217 3137 christiana,
1258 3063 1529 3133 tanquam
1568 3058 1773 3117 Christi
1803 3078 2057 3136 corpore,
2107 3062 2319 3123 dietum
2358 3070 2620 3127 sumeret.

361 3142 537 3201 Plane
589 3142 827 3200 eandem
879 3142 1027 3200 viam
1077 3142 1196 3216 jam
1250 3142 1608 3217 Origenes
1665 3143 1950 3218 ingressus
2010 3150 2123 3204 est:
2203 3146 2279 3205 cf.
2338 3168 2471 3227 opp.
2526 3150 2620 3210 ed.

339 3225 607 3308 *Delame
648 3231 784 3283 tom.
826 3218 888 3281 4.
929 3224 988 3283 in
1031 3242 1118 3289 ev.
1157 3226 1248 3283 Jo.
1288 3233 1428 3285 tom.
1464 3226 1536 3289 X.
1566 3212 1663 3307 p⁵g.
1707 3222 1847 3287 196.
1877 3244 1963 3303 sq.
1994 3221 2312 3310 ἀμφότερα
2352 3232 2623 3315 μέντοιγε

361 3306 434 3371 τὰ
477 3330 540 3371 τε
585 3306 784 3390 Ῑερὸν,
833 3307 938 3369 καὶ
978 3304 1048 3371 τό
1091 3312 1264 3387 σῶμα
1303 3314 1414 3372 τοῦ
1452 3302 1648 3387 Ἰησοῦ
1690 3308 1843 3371 nard
1892 3315 2039 3386 μίαν
2070 3320 2195 3375 τοῖν
2226 3314 2492 3393 ἔκδοχῶν
2521 3312 2625 3380 w‘-

361 3386 1715 3537 3⁰⁹21⁹⁰3b‘2²3'Zitfiss‘iiss‘dssifissss'ffiffi‘·
1748 3390 1936 3538 {⁶⁶2ss
1968 3394 2243 3545 ἶιῖοεὲδὲι
2282 3401 2625 3547 ῗεέἔῷιῗ

401 3520 420 3536 .
550 3520 564 3535 .
2320 3531 2335 3548 .
2466 3528 2481 3544 .
2602 3508 2623 3545 ι

258 3578 274 3581 “
361 3562 442 3623 de
487 3497 891 3620 resurreetibne
930 3579 1144 3639 sermo,
1184 3496 1334 3619 sa‘tisg
1358 3520 1663 3621 luculenter
1702 3498 1953 3640 gppgret.
1996 3598 2083 3611 --
2097 3527 2116 3559 ⁹
2526 3506 2565 3547 u

537 3639 646 3724 15)
689 3644 1093 3704 Herderus:
1126 3663 1239 3703 von
1261 3646 1465 3703 Gottes
1488 3646 1644 3703 Sohn
1675 3647 1777 3704 der
1804 3647 1953 3707 Welt
1980 3650 2241 3711 Heiland.
2264 3682 2347 3699 —·
2368 3652 2626 3715 Eeker-

359 3738 423 3788 'm
437 3746 694 3787 annus:
739 3728 908 3786 theol.
952 3729 1234 3803 Beitrfige.
1320 3730 1429 3791 Bd.
1480 3724 1539 3788 5.
1590 3748 1687 3807 pg.
1732 3726 1817 3789 60
1854 3764 1943 3777 —--

540 3808 650 3889 16)
693 3812 1054 3871 Commentar
1091 3813 1234 3871 iiber
1269 3814 1374 3871 das
1415 3812 1521 3871 Ev.
1562 3814 1663 3872 des
1703 3814 1832 3873 Joh.
1855 3814 1897 3877 Ῐ.
1940 3816 2003 3876 S.
2034 3811 2173 3882 176.
2203 3816 2409 3895 ,,ναός,
2452 3820 2599 3883 Tem

365 3896 484 3977 pel,
523 3896 627 3954 das
679 3896 878 3955 Ganze
925 3897 1078 3955 steht
1113 3898 1207 3955 fiir
1257 3898 1420 3956 einen
1462 3897 1627 3957 Theil
1677 3899 1777 3957 der
1818 3899 2463 3981 Tempeleinriehtnng.“
2506 3938 2578 3951 -

349 4020 356 4029 -
540 3974 650 4055 17)
708 3980 1072 4039 Commentar-
1118 3981 1258 4039 iiber
1284 3974 1412 4039 'das
1459 3980 1567 4039 Ev.
1621 3982 1723 4041 des
1762 3981 1890 4043 Joh.
1936 3984 1979 4043 1.
2030 3988 2091 4046 S.
2140 3982 2266 4049 417
2320 3988 2383 4047 fl.
2426 3990 2517 4049 ed.
2565 3984 2626 4051 2.

367 4065 512 4143 inpr.
553 4083 652 4140 pg.
695 4058 838 4123 426.
883 4084 1010 4141 sqq.
1094 4064 1257 4142 „Der
1297 4063 1534 4144 Tempe!
1576 4066 1811 4143 Symbol
1854 4068 1955 4127 des
1996 4089 2216 4148 ganzen
2266 4072 2389 4149 jiid.
2435 4074 2629 4135 Caeri-

367 4146 883 4207 monialdienstes.“
927 4181 1016 4193 —·
1057 4148 1278 4225 „Fahrt
1325 4168 1434 4207 nur
1474 4168 1540 4207 so
1595 4150 1727 4228 fort,
1770 4151 1882 4211 den
1930 4153 2167 4232 Tempel
2207 4174 2280 4213 zu
2322 4158 2630 4219 entweihen

368 4231 458 4289 bis
505 4250 608 4290 zur
660 4231 906 4306 voltigen
953 4233 1312 4317 Zerstiimng'
1355 4233 1537 4293 seines
1577 4232 1873 4309 menstra,
1914 4268 2005 4281 —-
2050 4238 2139 4298 ieh
2188 4238 2297 4298 will
2352 4242 2492 4301 ench
2540 4243 2629 4303 ein
2742 4306 2761 4315 ,

370 4314 620 4377 Zeieben
673 4315 888 4393 geben,
949 4335 1066 4377 was
1121 4318 1263 4379 euch
1307 4317 1529 4379 meinen
1578 4318 2097 4383 reformatorisehen
2136 4322 2542 4389 Messiaaberaf
2572 4328 2629 4388 in
