2917 4859
1307 280 1394 350 17

208 448 370 517 lima
421 455 541 516 est.
643 446 791 515 Res
843 444 1088 513 accidit
1136 445 1204 512 in
1265 442 1418 533 ipso
1473 442 1764 536 templo,
1814 443 1975 535 ipsis
2018 444 2191 515 'Jesu
2254 444 2479 515 verbis

206 550 375 619 nihil
423 544 626 635 inest,
694 556 831 637 quo
881 546 1230 615 audientes
1283 548 1914 637 commonefierent,
1975 557 2050 614 ut
2101 570 2297 617 sensu
2346 568 2481 617 non

206 653 494 744 proprio
519 660 525 665 '
551 674 632 719 ea
683 658 1056 731 sumerent3
1077 722 1086 729 ‚
1109 648 1358 719 Judaei
1403 686 1496 699 —
1544 657 1616 716 et
1652 656 1795 717 tum
1838 648 2115 737 quidem
2152 650 2479 742 temporis

208 753 400 822 haud
468 753 673 821 dubie
741 758 942 820 etiam
1006 751 1295 842 apostoli
1351 788 1445 803 —-
1503 752 1711 817 verba
1753 751 1920 818 Jesu
1970 751 2062 840 ita
2115 752 2475 843 accipiunt.

207 858 436 927 Jesus
461 856 780 922 intactam
833 854 1150 943 relinquit
1199 874 1434 921 eorum
1482 852 1875 919 sententiam
1928 860 1997 920 et
2044 876 2131 921 ne
2178 853 2483 946 discipu·

209 958 316 1027 los
367 956 644 1045 quidem
695 976 982 1042 seorsim,
1033 960 1108 1022 ut
1159 956 1330 1023 solet
1380 954 1561 1039 alias,
1618 954 1812 1021 aliter
1862 953 2123 1023 edocet.
2177 992 2281 1009 --

415 1060 490 1149 2)
559 1058 699 1127 Sed
754 1056 994 1126 «Iesum
1043 1056 1181 1125 hoc
1225 1057 1611 1147 promisisse
1631 1105 1652 1138 ‚
1704 1058 1935 1147 paucis
1986 1057 2273 1128 fortasse
2324 1079 2479 1127 cre-

210 1161 420 1232 dibile
481 1160 782 1245 videtur‚
850 1170 918 1225 et
973 1167 1261 1251 propter
1325 1159 1549 1250 ipsam
1621 1159 1855 1250 templi
1928 1160 2344 1228 sanctitatem
2410 1168 2481 1229 et

208 1272 599 1358 propterea,
651 1261 839 1350 quod
888 1282 976 1327 ne
1031 1271 1445 1352 exspectare·
1482 1260 1757 1350 quidem
1809 1262 2125 1351 potuerit,
2174 1261 2479 1331 Judaeos

209 1366 542 1456 templum
595 1386 740 1431 esse
793 1384 1162 1431 eversuros,
1267 1358 1479 1446 Quod
1530 1363 1730 1430 facile
1784 1361 2231 1431 concedimus.
2332 1363 2481 1433 Sed

208 1468 390 1535 hanc
428 1467 648 1557 ipsam
689 1487 834 1545 rem
873 1464 962 1532 ad
999 1458 1228 1533 verani
1266 1464 1471 1556 hujus
1521 1465 1653 1532 loci
1692 1465 2311 1555 interpretationem
2354 1488 2479 1535 nos

212 1569 558 1637 adducere
606 1588 810 1658 posse
862 1565 1092 1633 credo.
1195 1566 1471 1634 Scilicet
1519 1567 1755 1650 Jesu8‚
1823 1589 2030 1655 quum
2080 1575 2480 1659 exspectare

208 1672 484 1739 minime
526 1678 781 1760 posset,
825 1666 1130 1737 Judaeos
1179 1668 1508 1759 templum
1562 1691 1709 1735 esse
1762 1667 2262 1769 disturbaturos„
2314 1670 2481 1737 nihil

211 1771 396 1842 aliud
435 1772 643 1838 voluit
679 1770 784 1837 his
805 1769 1069 1857 verbis„
1110 1768 1230 1836 nisi
1275 1770 1432 1875 hoc,
1487 1777 1561 1837 ut
1600 1770 2018 1860 importunas
2058 1771 2479 1841 Judaeorum

211 1872 638 1965 quaestiones
701 1893 766 1939 a
793 1894 867 1939 se
917 1869 1333 1957 amoliretur,
1425 1892 1543 1939 eos
1594 1871 1685 1953 ad
1748 1872 2075 1959 silentium
2133 1873 2479 1966 redigeret

209 1976 545 2066 simulque
593 1970 1010 2042 Messianam
1063 1996 1249 2041 suam
1301 1973 1765 2041 auctoritatem
1817 1953 2177 2045 adsereret.
2284 1975 2481 2045 Haec

210 2077 571 2169 responsio
634 2085 702 2144 et
756 2074 1268 2163 accommodata
1319 2084 1465 2143 erat
1522 2074 1609 2143 ad
1662 2076 2119 2164 quaestionem
2168 2076 2478 2145 Judaeo-

211 2202 400 2248 rum:
453 2188 738 2269 σημεῖον
779 2176 954 2245 enim
993 2176 1128 2244 hoc
1171 2158 1444 2259 fuisset3
1501 2185 1569 2245 et
1605 2176 1692 2244 ad
1736 2176 2244 2265 adsequendum
2280 2178 2481 2271 istum

211 2283 422 2349 finem
467 2280 824 2370 aptissima.
906 2277 1288 2363 Caeterum,
1325 2279 1378 2345 si
1423 2279 1703 2362 miraris,
1746 2280 1984 2350 Jes'um
2021 2280 2153 2347 hac
2192 2279 2481 2351 maxime

210 2384 473 2451 ratione
522 2380 838 2472 rejecisse
891 2380 1324 2462 adversario&
1380 2380 1766 2449 consideres
1812 2391 2057 2462 tecum,
2116 2404 2269 2449 eum
2316 2383 2479 2461 alias

215 2484 423 2553 etiam
466 2483 748 2551 similem
781 2484 1107 2550 rationem
1159 2483 1536 2573 ingressum
1590 2506 1735 2551 esse
1766 2482 1911 2573 ²⁸).
2016 2486 2191 2552 Nam
2228 2483 2477 2553 Matth.

218 2589 335 2670 21,
375 2587 464 2655 23
507 2607 655 2673 sqq.
698 2584 889 2671 simili
929 2584 1444 2652 Pharisaeorum
1495 2586 1859 2673 quaestioni
1909 2607 2045 2653 non
2086 2585 2481 2677 respondet,

211 2687 338 2755 nisi
390 2708 476 2753 eo
533 2686 829 2771 consilio,
881 2694 957 2753 ut
1006 2709 1047 2754 a
1093 2685 1454 2777 poscendis
1512 2687 1847 2754 miraculis
1901 2695 2197 2755 mentem
2248 2710 2483 2757 eorum

215 2795 494 2857 avertat.
595 2786 896 2855 Maxime
946 2796 1170 2855 autem
1229 2776 1723 2857 memorabiles
1755 2797 1908 2857 sunt
1957 2789 2095 2857 duo
2143 2789 2251 2857 isti
2305 2789 2484 2859 duo-
2537 2865 2544 2873 ,

216 2912 372 2959 rum
416 2890 972 2981 evangelistarum
1029 2888 1114 2957 de
1160 2890 1487 2956 miraculo
1527 2890 1745 2959 Jonae
1797 2892 1985 2978 loci,
2008 2912 2294 2981 quorum
2328 2891 2485 2984 jam

217 3004 428 3082 supra
481 2992 886 3059 mentionem
934 2991 1242 3059 fecimus:
1312 2990 1560 3059 Matth.
1612 2995 1730 3077 12,
1780 2982 1886 3065 38.
1914 3016 2085 3081 -sqq.
2141 2992 2323 3082 (coll.
2375 2996 2483 3082 16,

219 3096 258 3163 1
280 3131 372 3145 —-
391 3092 490 3183 4.)
543 3100 612 3159 et
659 3093 829 3181 Luc.
885 3082 999 3178 111',
1051 3095 1160 3163 29.
1211 3114 1364 3181 sqq.
1464 3093 1795 3162 Nimirum
1845 3094 2219 3163 Pharisaeis
2282 3096 2485 3164 mira-

219 3194 446 3263 culum
496 3194 946 3285 flagitantibus
963 3244 982 3279 ‚
1039 3194 1320 3262 minime
1388 3203 1707 3283 sequutus
1758 3217 1995 3267 eorum
2020 3212 2025 3216 ·
2046 3197 2481 3285 voluntatem,

219 3297 442 3367 solum
500 3297 880 3389 prophetae
928 3295 1148 3365 Jonae
1215 3296 1609 3367 miraculum
1675 3296 1908 3367 datum
1968 3297 2054 3365 iri
2115 3299 2485 3391 respondit.

393 3536 506 3658 28)
547 3578 709 3656 Lege
755 3580 960 3653 etiam,
1033 3598 1200 3657 quae·
1231 3581 1306 3640 de
1345 3580 1454 3639 hac
1496 3579 1687 3641 Jesu
1670 3600 1739 3641 ιιι
1768 3580 2079 3641 refellendis
2122 3580 2357 3640 aliorum
2394 3596 2486 3641 ar·-
2522 3624 2527 3629 0

226 3666 510 3740 gumentis
565 3665 786 3723 dicendi
838 3664 1000 3741 quasi
1052 3665 1286 3723 audacia
1326 3664 1385 3723 H
1399 3666 1503 3722 asi
1521 3684 1595 3724 us
1649 3666 1895 3744 scripsit:
1966 3666 2069 3723 das
2114 3662 2307 3724 Leben
2349 3664 2487 3725 Jesu

217 3767 318 3827 pg.
356 3743 480 3807 141
509 3766 594 3823 sq.
631 3750 721 3809 ed.
749 3743 812 3814 2.
898 3747 1388 3825 „Eigenthiimlich
1429 3749 1504 3806 ist
1545 3750 1633 3825 (in
1676 3750 1777 3808 der
1804 3748 2124 3809 Lehrweise
2151 3749 2489 3825 Jesu)‚was

221 3850 356 3889 man
399 3831 618 3889 minder
643 3831 846 3907 richtig
863 3831 1134 3909 Neigung
1175 3851 1306 3890 zum
1337 3829 1669 3891 Paradoxeu
1711 3839 1963 3909 genennt
2001 3834 2119 3905 hat,
2165 3834 2259 3893 die
2296 3832 2488 3893 kiihne
2522 3892 2541 3904 ,

221 3913 634 3991 Widerlegung
681 3916 832 3973 eines
873 3915 1154 3974 Einwurfs
1195 3916 1479 3990 dadin-ch,
1524 3917 1655 3975 dass
1697 3916 1983 3992 derjenige
2026 3906 2333 3995 Gedauke,
2383 3934 2488 3994 ge-

223 4016 342 4075 gen
389 3998 590 4057 dessen
637 3999 930 4074 gei-ingere
967 4001 1185 4059 Potenz
1223 4001 1328 4059 der
1363 4000 1627 4059 E’mwurf
1658 4001 1918 4077 gemacht
1956 4001 2185 4059 worden
2228 4016 2373 4074 war,
2426 4000 2487 4063 in
2580 3997 2587 4007 ⁸

222 4083 412 4141 seiner
447 4100 666 4159 ganzeu
707 4082 872 4141 Fiille
913 4082 1360 4162 ausgesproehen
1400 4085 1562 4161 wirci,
1584 4102 1671 4151 so
1713 4085 1846 4143 dass
1888 4085 1990 4143 der
2031 4084 2357 4159 Gegensatz
2383 4101 2487 4161 ge-

220 4184 340 4244 gen
379 4166 497 4223 das
559 4164 868 4243 Get-ingere
919 4168 1035 4227 sich
1090 4169 1167 4227 im
1208 4168 1589 4243 Gegensatze
1606 4186 1791 4243 gegen
1842 4157 1945 4227 das
1985 4168 2217 4227 Ηὸῑιειε
2258 4164 2489 4227 aufhebt

219 4250 346 4311 und
397 4248 582 4307 dieser
621 4250 680 4308 in
721 4251 902 4311 seiner
943 4251 1126 4309 vollen
1165 4251 1336 4310 Krast
1383 4252 1487 4312 das
1531 4249 1780 4311 Gemiith
1823 4253 2173 4311 iiber-manat.
2258 4250 2388 4313 soh.
2424 4246 2488 4333 3,

226 4323 1308 4409 12.f.5.17f.ef.8,.“58-·-
2040 4422 2085 4487 2
