2917 4859
1406 280 1501 351 20

323 470 462 541 que
503 446 558 515 ii
572 466 616 534 ,⁸
645 446 889 538 quibus
939 444 1030 516 de
1081 469 1163 515 ea
1177 496 1199 529 ,
1255 469 1458 537 quam
1510 469 1633 517 nos
1686 446 2041 516 defensum
2090 445 2327 519 ivimus
2346 499 2369 534 ,
2432 468 2597 515 seu-

233 624 240 634 ,
322 550 532 622 tentia
557 548 711 642 jam
747 557 972 617 actum
1029 572 1175 617 esse
1225 550 1617 636 videbatur,
1670 552 1725 618 si
1777 549 1865 618 ab
1915 548 2052 616 hoc
2103 548 2259 619 loco
2308 548 2601 617 alienam

325 650 638 743 adeoque
705 651 1066 721 absurdam
1131 673 1282 720 eam
1350 650 1652 721 dicerent
1698 688 1797 704 —
1849 650 2025 719 haec
2096 652 2271 718 enim
2336 672 2605 719 summa

329 763 433 827 est
483 753 779 823 omnium
834 761 1384 845 argumentorum
1438 765 1671 822 contra
1723 776 1872 822 eam
1900 753 2319 845 prolatorum
2338 752 2462 843 ³2)
2490 790 2602 805 --
2646 803 2649 804 f

327 878 416 925 an
465 878 612 925 rem
662 856 1096 942 confecerint,
1148 878 1232 923 an
1279 856 1434 925 satis
1487 853 1902 924 considerate
1954 856 2256 975 dixerint,
2308 854 2436 945 ipsi
2492 855 2602 921 vi-

328 957 554 1027 deant.
657 957 979 1027 Profecto
1028 956 1214 1026 haud
1265 958 1467 1049 pauci
1528 966 1683 1025 suut
1733 981 1825 1029 ιι.
1850 957 1959 1025 Ti.
2012 956 2179 1043 loci,
2232 958 2331 1025 in
2352 955 2597 1045 quibus

329 1060 422 1129 de
495 1060 794 1159 proprii
823 1080 1051 1127 sensus
1119 1060 1532 1151 praestantia
1596 1060 1867 1127 minime
1932 1058 2472 1150 desperabimus,
2538 1058 2598 1126 si

329 1161 537 1235 modo
588 1151 868 1253 propria
920 1161 1284 1230 verborum
1332 1156 1669 1252 potestate
1705 1162 1949 1229 rectius
1996 1162 2091 1229 uti
2146 1160 2597 1228 didicerimus.

223 1265 236 1270 ’
327 1265 574 1352 Neque
627 1263 1040 1350 dubitamus,
1093 1262 1186 1329 ad
1236 1263 1627 1354 hujusmodi
1679 1264 1866 1331 locos
1916 1259 2201 1331 multum
2259 1262 2424 1330 lucis
2478 1283 2600 1329 re·

336 1364 787 1434 dundaturum
842 1388 990 1433 esse
1041 1387 1083 1433 e
1131 1364 1477 1433 subtiliore
1520 1365 1885 1434 rhetorices
1921 1388 1986 1433 ιι.
2022 1365 2135 1435 Ti.
2190 1348 2597 1455 cognitione,

333 1468 444 1535 cui
457 1520 482 1557 ,
535 1475 611 1534 ιιι
664 1467 981 1557 singulari
1044 1486 1257 1558 opera
1315 1466 1636 1579 studeant
1689 1466 1810 1535 viri
1876 1466 2097 1557 docti,
2158 1466 2597 1535 vehementer

331 1567 706 1661 optandum
758 1567 1025 1658 est88).
1073 1604 1180 1621 -—

537 1669 684 1739 Sed
733 1669 1002 1761 longius
1016 1719 1036 1756 ,
1091 1692 1294 1758 quam
1347 1668 1729 1757 volueram,
1776 1692 1906 1740 -me
1982 1671 2382 1761 prolapsum
2448 1687 2603 1735 esse

331 1770 558 1841 video.
663 1776 907 1860 Itaque-
931 1772 1300 1861 quidquid·
1328 1780 1432 1839 est
1481 1770 1681 1864 hujus
1730 1772 2139 1865 scriptionis,
2208 1769 2348 1838 hoc
2413 1768 2603 1855 Tuo,

333 1874 430 1943 mi
463 1872 890 1969 xFellere,
941 1872 1208 1964 judicio
1277 1873 1561 1965 subjicio
1629 1883 1869 1962 atque,
1938 1883 2012 1941 ιιι
2073 1895 2159 1941 ex
2236 1891 2454 1961 aequo
2528 1877 2603 1938 et

332 1976 516 2043 b‘ono
557 1973 871 2066 judicare
920 1976 1117 2062 veliS,
1168 1985 1354 2066 peto.
1456 1974 1573 2042 Tu
1622 1974 1787 2042 mihi
1840 1984 1909 2043 et
1970 1970 2309 2043 sodalibus
2380 1971 2603 2041 omni-

333 2078 500 2163 bus,
553 2098 841 2165 quorum
889 2076 1218 2168 interpres
1278 2075 1541 2168 prodii,
1608 2085 1708 2157 ιιι
1742 2075 2002 2163 adhuc,
2066 2078 2162 2143 ita
2228 2076 2298 2143 in
2362 2081 2603 2167 poste—

315 2200 484 2349 {suff
535 2178 736 2247 fave.
811 2178 972 2247 Hoc
1020 2179 1132 2247 Te
1172 2179 1605 2248 vehementer
1646 2179 1847 2249 etiam
1896 2186 2103 2272 atque
2150 2178 2351 2246 etiam
2398 2194 2601 2267 rogo.

466 2303 525 2348 e
572 2316 679 2333 ..-.
727 2318 835 2333 ...-

392 2502 411 2525 Ἰ
504 2542 615 2627 82)
664 2544 986 2607 Liickius
1028 2565 1126 2625 pg.
1175 2542 1320 2608 418.
1406 2545 1628 2627 „Datin
1670 2548 1799 2607 dem
1848 2510 2134 2606 Johannes
2160 2543 2348 2606 Becht
2384 2562 2459 2603 zu
2498 2560 2606 2619 ge-

335 2631 468 2705 ben,
521 2633 652 2689 dass
694 2632 788 2690 die
827 2631 1015 2691 Juden
1053 2612 1274 2691 Jesum
1293 2632 1468 2691 falsch
1508 2635 1869 2710 verstanden,
1906 2631 2049 2691 wird
2088 2650 2194 2690 uns
2242 2629 2371 2688 sehr
2416 2626 2605 2687 leicht.
2696 2698 2705 2703 ,

336 2715 532 2775 Etwas
578 2733 644 2774 so
687 2713 1193 2790 Abenteuerliches,
1235 2735 1301 2775 so
1343 2717 1595 2776 Zweck-
1636 2719 1755 2777 und
1802 2716 2133 2795 Geistloses,
2173 2715 2279 2773 wie
2324 2713 2448 2785 das,
2485 2728 2607 2771 was

339 2800 432 2861 die
470 2800 678 2859 Juden
711 2799 1038 2878 verstehen,
1101 2819 1218 2859 wer
1257 2801 1408 2859 kann
1451 2802 1555 2858 das
1597 2802 1708 2860 den
1751 2800 1989 2861 Worten
2030 2799 2167 2858 Je'su
2207 2754 2511 2856 zumuth’en
2522 2794 2607 2854 2⁴⁶

337 2916 426 2929 ——
473 2882 716 2960 Meyer
731 2902 836 2941 ns
886 2883 1016 2957 „ein
1056 2883 1270 2942 solches
1321 2883 1695 2954 Paradoxon,
1735 2884 1969 2943 welches
2012 2884 2137 2943 eine
2176 2880 2421 2941 absurde
2458 2878 2609 2939 Ver-

339 2967 607 3042 heissung
647 2986 721 3027 an
763 2967 886 3027 eine
924 2967 1166 3027 absurde
1206 2968 1552 3044 Bedingung
1599 2968 1839 3047 hapa,
1900 2986 2017 3027 war
2064 2985 2169 3025 aus
2218 2967 2351 3024 dem
2388 2962 2609 3024 munde

339 3050 491 3110 Jesu
529 3052 685 3109 nicht
738 3070 810 3109 zu
863 3056 1200 3110 erwatten.“
1243 3085 1323 3097 —-
1367 3052 1815 3111 Stranssius.
1882 3051 2047 3125 „Der
2100 3048 2449 3129 Auffassung
2502 3046 2611 3107 der

339 3135 378 3193 J
380 3136 528 3193 uden
571 3136 744 3194 kann
760 3152 890 3192 man
929 3136 1082 3193 nicht
1123 3134 1471 3195 beistimmen
1517 3135 1754 3208 wellen,
1820 3094 1969 3194 oh’ne
2009 3132 2159 3192 Jesu
2180 3152 2369 3209 gegen
2413 3131 2610 3190 seinen

341 3219 630 3294 sonatigen
671 3218 983 3277 Charakter
1035 3220 1158 3279 eine
1209 3220 1296 3277 ins
1350 3220 1693 3295 Ungeheure
1746 3219 2067 3297 gettiebene
2116 3214 2611 3309 Grosssprecherei

343 3302 838 3363 zuzuschreibenf‘
885 3335 973 3347 -—

321 3404 338 3415 “
513 3380 623 3463 33)
667 3386 830 3459 Vide,
870 3404 1016 3461 quae
1056 3384 1729 3449 s.Ven,Kauffe1-us
1770 3386 1828 3445 in
1868 3384 2030 3459 libro,
2052 3403 2244 3462 quem
2285 3384 2366 3443 de
2404 3382 2613 3443 biblica

349 3470 509 3548 ζωῆς
562 3470 820 3530 αἰωνίου
875 3470 1106 3527 notione
1156 3469 1376 3547 scripsit
1427 3486 1524 3547 pg.
1567 3465 1668 3531 34.
1719 3470 2013 3529 adnotavit
2055 3470 2132 3527 ad
2171 3469 2357 3528 locum
2397 3466 2607 3527 matth.

341 3548 406 3626 8,
460 3549 562 3613 22.
648 3554 870 3626 „Modo
931 3572 1004 3611 ue
1060 3570 1307 3627 unquam
1366 3554 1724 3632 desperemus
1776 3554 1851 3612 de
1914 3552 2139 3611 literalis
2190 3554 2386 3611 sensus
2428 3568 2611 3631 prae-

344 3639 584 3710 stantia,
663 3638 838 3696 modo
879 3637 1081 3695 rectius
1121 3636 1350 3714 proprio
1393 3638 1692 3696 verborum
1732 3656 1901 3695 sensu
1942 3638 2025 3696 uti
2062 3638 2372 3710 discamus,
2430 3637 2612 3695 modo
2698 3672 2704 3677 ’

344 3722 693 3793 desinamus,
759 3722 954 3780 doctas
1003 3725 1063 3779 et
1103 3719 1392 3779 subtiles
1375 3740 1434 3779 ιιι
1476 3721 1657 3780 verbis
1697 3722 1735 3779 J
1736 3740 1835 3780 esu
1874 3722 2075 3781 sectari
2116 3720 2447 3781 sententias.
2500 3718 2613 3780 Di-

343 3806 475 3865 vina
523 3822 781 3881 quaeque
825 3804 1190 3884 simplicitatis
1232 3805 1477 3887 eminent
1515 3804 1779 3865 virtutef‘
1822 3837 1913 3851 ——·

1267 4113 1681 4123 ψ

1031 4348 1282 4403 limam,
1322 4346 1450 4404 typis
1475 4346 1532 4395 B.
1562 4348 1623 4395 G.
1654 4346 1927 4397 Tmmr'.
