2917 4859
1375 264 1521 358 ,12

270 497 276 509 .
344 433 684 523 kiu813)
725 440 929 522 atque
969 431 1073 500 de
1107 430 1637 523 Wettius19).
1694 430 1857 500 Jam
1900 453 2063 501 vero
2102 433 2157 501 si
2198 433 2609 521 quaerimus,

345 536 588 628 quibus
628 536 702 603 hi
733 536 854 603 viri
891 536 1302 627 arg-umentis
1339 536 1729 603 sententiam
1766 557 1953 602 suam
1988 535 2444 627 probaverint,
2478 558 2609 625 pa·-

341 662 494 708 rum
543 638 742 705 nobis
795 638 1170 705 consultum
1224 637 1546 706 videmus,
1648 637 1917 706 Etenim
1958 639 2013 703 si
2049 637 2137 704 ab
2179 639 2257 707 iis
2301 659 2609 705 recesse-

343 742 466 825 ris,
507 762 684 829 quae
723 748 958 807 contra
996 740 1438 831 apostolicam
1490 747 1691 829 atque
1726 739 2085 807 Judaicam
2111 742 2213 791 ‘--
2241 762 2443 828 quam
2492 740 2607 807 vix

342 841 622 934 dignam
652 840 926 929 habent,
966 840 1054 909 de
1100 863 1236 928 qua
1263 841 1633 908 accuratius
1674 840 1935 909 dicatur
1965 882 2054 893 —
2088 841 2603 931 explicationem

343 944 702 1035 disputant,
731 944 956 1011 omnia
994 964 1228 1011 eorum
1283 951 1684 1034 argumenta
1734 942 2003 1011 aliunde
2049 944 2267 1035 petita-
2302 952 2473 1028 sunt,
2512 961 2603 1009 ne

340 1050 548 1115 unum
601 1044 878 1133 quidem
929 1067 1014 1113 ex
1061 1044 1224 1135 ipsis
1284 1045 1457 1114 Jesu
1506 1046 1766 1129 ver-bia,
1818 1045 1945 1112 nisi
2010 1043 2194 1112 hoc:
2244 1044 2420 1111 hanc
2474 1066 2600 1111 eo-

338 1170 490 1216 rum
537 1148 1153 1238 interpretationem
1198 1147 1631 1236 probabilem
1694 1146 1987 1236 aliquem
2052 1146 2375 1215 exhibere
2441 1166 2601 1211 sen-—

339 1270 490 1319 sum
541 1259 746 1339 atque
798 1272 990 1336 eum,
1047 1250 1163 1338 qui
1215 1248 1307 1315 illi
1359 1249 1517 1316 loco
1588 1256 1655 1316 et
1723 1249 2015 1338 tempori
2068 1250 2354 1316 maxime
2421 1254 2602 1315 esset
2650 1296 2655 1303 .

341 1350 912 1421 accommodatus.
1018 1351 1200 1417 Num
1265 1372 1429 1417 vero
1489 1372 1619 1441 per
1683 1348 2003 1440 loquendi
2070 1372 2265 1417 usum
2336 1357 2405 1417 et
2467 1371 2599 1440 per

338 1454 518 1544 ipsa,
572 1453 812 1543 quibus
863 1450 1062 1520 Jesus
1112 1474 1270 1519 usus
1321 1460 1458 1533 est,
1512 1450 1719 1520 verba
1770 1451 1999 1537 liceat,
2050 1454 2235 1535 ναοῦ
2288 1452 2597 1543 „vocabu-

337 1555 479 1623 lum
531 1554 620 1622 ad
673 1575 864 1621 sacra
912 1552 1201 1621 «Iudaica
1247 1554 1505 1621 referre
1523 1604 1543 1639 ,
1597 1553 1775 1620 hanc
1843 1552 2302 1639 difficillimam
2374 1562 2475 1637 et,
2539 1551 2597 1621 si

338 1655 504 1746 quid
555 1656 790 1744 video,
839 1654 1245 1723 cardinalem
1289 1656 1747 1744 quaestionem
1784 1678 1871 1723 ne
1912 1653 2264 1749 adtingunt
2300 1653 2594 1743 quidem.

335 1759 700 1827 Praeterea
771 1780 906 1825 non
967 1756 1334 1845 adsequor,
1405 1758 1571 1845 quid
1634 1755 2225 1827 commendationis
2290 1756 2597 1825 Liickii

337 1860 694 1951 explicatio
743 1858 833 1927 ab
883 1859 1001 1927 illo
1050 1857 1635 1949 pseudomartyrio
1676 1858 1910 1945 ducat,
1951 1859 2141 1950 quod
2190 1859 2377 1951 apud
2400 1858 2595 1925 Mar-

335 1984 492 2029 cum
544 1964 650 2046 14,
701 1962 809 2033 58.
853 1959 984 2031 his
1030 1960 1254 2029 verbis
1303 1961 1591 2031 relatum
1642 1961 1929 2052 legitur.
1980 1954 2141 2049 „dn
2200 1953 2331 2051 ἐγω
2380 1984 2592 2029 κατα-

333 2056 560 2134 λύσω
581 2053 710 2132 τὸν
765 2054 940 2131 ναὸν
995 2064 1258 2139 τοῦτον
1307 2054 1434 2131 τὸν
1482 2063 1966 2155 χειροποίητον
1979 2113 2001 2150 ,
2051 2063 2167 2132 καὶ
2216 2055 2337 2131 διὰ
2381 2062 2593 2155 τριῶν

331 2158 608 2259 ἡμερῶν
659 2156 873 2233 ἄλλον
923 2154 1447 2256 ἀχειροποίητον
1500 2156 1966 2256 οἰκοδομήσω.
1970 2169 2015 2205 “
2117 2168 2292 2234 Nam
2348 2164 2451 2231 his
2506 2186 2593 2231 ex

331 2267 554 2336 verbis
622 2265 758 2333 hoc
823 2266 1041 2333 solum
1103 2265 1428 2356 adparet,
1493 2275 1635 2335 tum
1674 2273 2019 2385 ‘temporis
2102 2268 2304 2335 etiam
2367 2266 2590 2352 fuisse,

332 2368 450 2459 qui
488 2367 698 2435 verba
737 2366 984 2436 Christi
1025 2390 1221 2435 sensu
1271 2390 1400 2435 non
1454 2369 1740 2459 proprio
1784 2370 2205 2460 acciperent:
2258 2368 2381 2437 sed
2402 2368 2591 2436 nullo

331 2470 541 2539 modo
591 2468 766 2555 hoc‘,
822 2492 904 2536 ea
957 2470 1116 2537 v'ere
1167 2469 1260 2537 ita
1311 2492 1461 2537 esse
1512 2470 1923 2560 accipienda.
1990 2510 2067 2523 -
2141 2470 2377 2561 ltaque
2438 2479 2591 2537 tan-

328 2581 474 2640 tum
529 2570 752 2655 abest,
806 2581 878 2639 ut
926 2570 1001 2638 hi
1050 2571 1449 2663 interpretes
1498 2572 1692 2639 nobis
1749 2571 1837 2641 de
1890 2572 2169 2640 veritate
2239 2572 2591 2663 explicati-

329 2670 476 2743 onis
544 2695 702 2741 suae
755 2674 1234 2763 persuaserint,
1303 2682 1378 2740 ut
1445 2674 1867 2765 gravissimas
1942 2673 2031 2742 de
2098 2698 2181 2743 ea
2240 2672 2590 2744 dubitandi

323 2798 594 2846 caussas
642 2774 1032 2847 habeamus.
1135 2773 1322 2843 Nihil
1372 2796 1551 2843 nunc
1602 2775 1825 2843 dicam
1876 2775 1968 2844 de
2005 2796 2122 2863 eo,
2175 2776 2365 2864 quod
2386 2776 2588 2845 Jesus

324 3059 530 3120 vollem
570 3056 768 3118 Lichte
807 3058 1005 3135 zeigen
1049 3057 1186 3131 soll;
1226 3059 1306 3139 in‘
1326 3059 1446 3121 drei
1486 3057 1691 3135 Tagen
1733 3058 1907 3118 richte
1946 3058 2037 3118 ich
2079 3058 2219 3118 euch
2262 3059 2374 3117 den
2410 3057 2589 3118 Tem-

325 3144 419 3223 pel
460 3145 578 3215 auf,
624 3144 682 3205 d.
726 3143 782 3201 h.
825 3143 881 3199 in
923 3144 1210 3201 kiirzester
1251 3142 1380 3200 Zeit
1423 3144 1629 3221 erbaue
1670 3144 1759 3204 ich
1804 3143 1945 3202 euch
1986 3144 2097 3202 den
2147 3144 2369 3203 wahren
2412 3142 2590 3202 Tem-

323 3228 420 3305 pel
457 3228 662 3285 Gottes
677 3269 696 3298 ‚
755 3226 848 3284 die
887 3244 1031 3286 neue
1085 3227 1473 3285 messianische
1506 3227 1837 3304 Verehrung
1874 3228 2078 3286 Gottes
2120 3228 2198 3286 im
2230 3227 2425 3285 Geiste
2466 3228 2589 3285 und

306 3312 386 3370 *in
439 3311 542 3369 der
589 3310 914 3387 Wahrheit,
979 3312 1150 3387 vergl.
1204 3307 1276 3383 4,
1348 3306 1499 3372 24.“
1548 3346 1628 3357 --
1676 3310 1995 3371 Liickius
2044 3312 2215 3387 igitur
2256 3310 2587 3387 imperativo

327 3394 558 3457 similem
613 3400 786 3469 atque
815 3394 1280 3453 Heubnerus
1331 3400 1673 3473 potestatem
1722 3396 1944 3467 tribuit3
2018 3397 2090 3453 ab
2138 3395 2421 3453 Henkio
2480 3412 2589 3452 au-

321 3484 438 3538 tem
485 3498 554 3537 eo
605 3478 891 3549 dissentit,
935 3481 1090 3553 quod
1130 3480 1322 3537 ‚Iesum
1367 3498 1554 3555 neque
1600 3484 1827 3558 optasse
1841 3522 1858 3552 ‚
1908 3498 2092 3555 neque
2124 3480 2355 3555 jussisse
2399 3482 2589 3556 putat,

325 3568 390 3621 ut
428 3561 696 3642 templum
740 3561 1038 3636 deleretur,
1089 3560 1192 3621 sed
1244 3563 1613 3641 exprobrasse
1649 3564 1881 3639 ‚Iudaeis
1923 3564 2203 3643 profanati
2241 3562 2435 3641 templi
2477 3561 2589 3621 cri-
2693 3622 2701 3627 ,

323 3665 608 3806 men⁶15)
652 3728 853 3789 Theol.
905 3730 1144 3788 Studien
1195 3731 1316 3787 und
1373 3726 1647 3789 Kritiken.
1715 3725 1901 3789 1833.
1955 3730 2193 3790 Hft.11.
2242 3733 2305 3795 S.
2350 3726 2476 3790 442
2518 3730 2587 3790 ff.

325 3848 407 3861 --
455 3813 805 3874 Bleekius
853 3814 1018 3891 plane
1061 3832 1188 3871 cum
1237 3811 1514 3873 Liickio
1565 3815 1863 3891 conspirat.

495 3892 602 3975 19)
658 3897 850 3956 Kurze
913 3898 1231 3973 Erkliirung
1295 3899 1394 3957 des
1445 3898 1663 3973 Evang.
1726 3899 1841 3956 und
1892 3899 1998 3957 der
2057 3897 2246 3957 Briefe
2294 3890 2591 3997 Iohannis,
2700 3892 2711 3901 ’

321 3978 562 4061 Leipzig
617 3974 798 4042 1837.
847 3977 906 4039 8.
951 3982 1018 4039 S
1063 3977 1161 4039 39.
1205 4014 1292 4025 -
1339 3984 1423 4040 de
1478 3982 1791 4041 Wettius
1847 4001 1916 4041 eo
1968 3988 2189 4042 tantum
2232 4000 2267 4039 a
2304 3979 2587 4039 Liickio

313 4061 580 4138 discedit,
623 4067 780 4141 quod
821 4065 1204 4141 imperativum
1245 4064 1606 4145 hypothetice
1644 4066 1888 4143 positum
1930 4084 2055 4125 esse
2082 4066 2397 4124 contendit.
2439 4084 2591 4141 „ge-

321 4154 500 4223 setzt,
557 4150 646 4206 ihr
686 4148 916 4207 ὴιέιὼει
958 4149 1148 4207 diesen
1197 4148 1434 4227 Tempe}
1478 4151 1584 4227 ab,
1637 4169 1702 4207 so
1743 4149 1889 4209 habe
1930 4151 2018 4209 ich
2062 4151 2155 4207 die
2201 4149 2425 4221 Maeht‚
2486 4150 2589 4209 ihn

322 4233 457 4291 bald
496 4233 702 4293 wieder
739 4232 1151 4295 aufzuriehten:
1197 4232 1317 4293 Sed
1356 4192 1667 4313 imperativi
1693 4234 1826 4310 vim,
1871 4253 1972 4293 cur
1998 4234 2219 4294 elevare
2249 4254 2367 4293 non
2396 4192 2585 4307 l’ieeat,

323 4333 492 4395 supra
531 4314 910 4395 exposuimus.
947 4349 1033 4361 --
