2917 4859
1447 359 1458 369 .
1544 252 1595 321 6

445 420 508 490 h
525 418 819 490 auseni
835 438 924 488 us
957 418 1030 509 6)
1058 468 1078 506 ,
1127 416 1246 509 'qui
1309 423 1539 486 tamen
1607 416 1953 509 duplicem
2014 442 2282 488 sensum
2348 416 2710 510 (literalem

457 533 663 613 atque
713 522 1104 613 mysticum)
1155 520 1206 589 J
1209 544 1326 590 esu
1389 520 1611 589 verbis
1664 521 1939 591 subesse
1997 522 2305 615 opinatus
2354 520 2711 591 Judaieam

457 624 616 693 cum
666 624 1033 717 apostolica
1081 616 1643 714 interpretatione
1708 624 2123 715 conjungere
2186 624 2431 711 voluit,
2506 631 2713 711 atque

453 716 554 800 R.
601 726 690 799 A.
733 724 840 799 W.
891 724 1086 816 Mey
1101 746 1297 793 erus
1322 726 1435 815 ⁷),
1490 724 1625 813 qui,
1678 726 2081 819 singularem
2130 726 2308 793 viam
2349 724 2714 815 ingressus⁹

457 828 700 898 Jesum
751 824 841 895 de
905 847 1192 921 corpore
1245 826 1522 917 quidem
1572 847 1730 910 suo,
1822 850 2043 916 neque
2084 835 2307 896 tamen
2356 826 2447 895 de
2488 826 2717 894 futura

457 950 578 999 sua
613 952 654 999 e
685 926 964 999 mortuis
1003 929 1488 998 resurrectione
1532 927 1867 1020 cogitasse
1907 929 2265 998 contendit.
2372 927 2511 1013 Qui
2551 926 2718 996 mihi

453 1026 690 1116 omnes
732 1031 820 1099 de
857 1030 1270 1122 apostolicae
1312 1030 1675 1099 sententiae
1716 1032 1996 1100 veritate
2037 1050 2176 1099 non
2222 1036 2715 1123 persuaserunt.

455 1132 618 1202 Hoc
680 1130 956 1222 quidem
1007 1132 1207 1200 facile
1256 1132 1583 1225 largimur
1624 1132 1725 1219 ἰίε,
1770 1134 1886 1223 qui
1942 1132 2121 1202 hanc
2172 1132 2461 1225 apostoli
2506 1132 2717 1199 ratio-

454 1258 611 1303 nem
647 1232 1002 1302 defensum
1043 1232 1326 1319 iverunt,
1378 1234 1586 1302 verba
1626 1235 1796 1325 ipsa,
1837 1254 2013 1324 quae
2053 1234 2165 1304 hic
2205 1226 2539 1325 leguntur,
2575 1253 2715 1301 non

454 1335 828 1428 impedire‚‘
885 1358 1024 1425 quo
1075 1337 1288 1405 minus
1326 1336 1569 1406 Joanni
1618 1335 2086 1410 adsentiamur.
2165 1338 2497 1404 Nolumus
2536 1336 2717 1404 enim

453 1437 524 1507 in
573 1462 606 1507 s
625 1436 1046 1530 criptoris
1096 1436 1320 1507 verbis
1371 1436 1574 1507 alium
1626 1460 1951 1527 quaerere
1995 1454 2297 1524 sensum,
2375 1446 2580 1527 atque
2630 1436 2717 1505 il-

453 1541 592 1609 lum
611 1586 632 1625 ‚
685 1560 912 1630 quem
939 1541 1016 1608 iis
1057 1539 1275 1609 inesse
1311 1539 1466 1633 ipse
1514 1538 1741 1610 voluit.
1845 1540 2077 1625 Quare
2123 1540 2170 1608 ii
2220 1536 2383 1608 mihi
2433 1561 2718 1633 operam

452 1642 752 1736 perdere
803 1641 1114 1710 videntur
1165 1651 1235 1711 et
1283 1643 1531 1729 oleum,
1586 1643 1703 1731 qui
1753 1664 1837 1711 ex
1886 1643 2045 1735 ipsis
2094 1642 2246 1729 illis,
2299 1641 2539 1731 quibus
2584 1640 2715 1709 Je-

457 1766 568 1813 sus
619 1764 775 1812 usus
829 1766 977 1813 esse
1029 1742 1290 1829 dicitur,
1341 1695 1601 1828 verbiS‚
1653 1752 1719 1811 et
1769 1744 2219 1837 grammaticis
2264 1742 2543 1833 quidem
2602 1764 2718 1809 ra-

455 1846 748 1915 tionibus
795 1845 934 1933 usi,
1009 1846 1473 1915 demonstrare
1515 1846 1759 1933 velint,
1828 1870 1983 1921 eum
2036 1868 2282 1937 corpus
2335 1865 2527 1913 suum
2578 1864 2719 1913 non

455 1946 896 2041 significasse.
1000 1944 1267 2016 Etenim
1311 1950 1434 2017 nisi
1487 1948 1632 2036 quis
1658 1944 1717 2015 P
1736 1949 1932 2016 aulo
1958 1945 2523 2039 Heidelbergensi
2566 1968 2721 2014 cre-

457 2044 598 2135 dat,
647 2048 884 2119 Jesum
911 2046 1180 2118 Graece
1214 2049 1327 2117 hic
1380 2051 1729 2139 loquutum
1784 2044 1948 2136 esse.
1998 2068 2200 2119 n'emo
2248 2048 2449 2117 facile
2500 2070 2722 2141 nega-

455 2150 579 2238 bit,
603 2153 939 2250 Joannem
965 2172 1053 2219 ne
1077 2138 1376 2243 potuisse
1415 2151 1693 2240 quidem
1735 2152 1876 2219 aliis
1917 2149 2137 2219 verbis
2178 2152 2295 2237 uti,
2324 2172 2529 2239 quum
2554 2152 2713 2239 qui-

455 2250 588 2321 bus
639 2254 753 2321 ille
804 2245 1034 2321 sensus
1083 2254 1298 2322 inesse
1353 2262 1605 2345 posset,
1662 2273 1799 2343 quo
1850 2254 2053 2321 Jesus
2099 2254 2158 2321 ei
2206 2255 2519 2340 loquutus
2572 2275 2723 2320 esse

455 2352 829 2424 videbatur.
934 2346 1166 2438 Quare
1233 2364 1629 2449 argumenta
1692 2356 1915 2447 potius
1984 2378 2025 2425 e
2091 2356 2370 2484 reipsa
2418 2354 2723 2447 petenda

455 2462 624 2527 sunt.
683 2496 776 2511 --
1897 2514 1906 2517 ,

471 2564 480 2569 ’
551 2580 558 2585 ·
660 2558 744 2649 1)
797 2556 892 2629 Et
950 2558 1246 2648 primum
1312 2556 1589 2647 quidem
1653 2580 1740 2627 ex
1788 2558 1935 2651 ipsa
1982 2557 2359 2626 narratione
2410 2565 2721 2649 apparet,

417 2682 679 2749 *neque
729 2660 1054 2747 Judaeos,
1103 2681 1325 2748 neque
1379 2658 1743 2751 discipulos
1788 2660 2035 2729 Christi
2089 2670 2231 2728 tum
2284 2659 2373 2728 de
2426 2681 2723 2750 corpore

463 2759 608 2853 ejus
671 2763 1022 2853 cogitasse.
1102 2761 1426 2844 Quamvis
1490 2764 1664 2829 enim
1718 2761 2287 2845 Suiskindius
2341 2782 2425 2829 ex
2481 2784 2543 2829 ν.
2610 2762 2723 2830 22.

459 2884 798 2954 apparere
859 2863 1075 2948 dicat,
1154 2862 1505 2953 apostolos
1558 2863 1768 2931 verba
1822 2872 2009 2932 recte
2058 2863 2341 2953 quidem
2410 2861 2500 2931 de
2566 2882 2725 2928 cor-

459 2965 646 3057 poris
728 2966 988 3059 templo
1064 2964 1498 3056 intellexisse,
1579 2964 1703 3034 sed
1780 2967 2028 3034 nullam
2056 2978 2058 2982 ’
2090 2967 2169 3033 iis
2240 2964 2452 3033 fidem
2502 2964 2725 3032 tribu-

459 3214 660 3275 Moral.
701 3216 790 3273 St.
831 3212 930 3271 IV.
961 3208 1023 3271 4.
1067 3230 1192 3291 pg.
1179 3208 1330 3275 198.
1358 3242 1446 3257 -—
1474 3212 1827 3272 Siiskind.
1872 3214 2078 3290 Einige
2116 3213 2456 3289 Bemerkgg.
2498 3211 2555 3269 ἱιι
2583 3210 2723 3269 Bez.

459 3300 570 3357 auf
609 3299 699 3357 die
739 3296 960 3373 Frage,
1018 3297 1114 3355 ob
1133 3296 1298 3356 Jesus
1339 3298 1492 3355 seine
1532 3296 1950 3373 Auferstehung
1992 3298 2275 3356 bestimmt
2317 3296 2729 3371 vorherge'sagt

351 3402 368 3419 -.
459 3381 650 3441 habe?
695 3415 771 3425 —-
819 3380 1066 3439 daselbst
1107 3382 1193 3438 St.
1237 3380 1360 3439 Vll.
1406 3377 1464 3439 5.
1507 3401 1605 3461 pg.
1634 3375 1780 3439 212.
1822 3382 1863 3437 f.
1906 3412 1991 3426 -
2033 3382 2271 3439 Flatt:
2316 3380 2603 3461 symbolae
2644 3380 2727 3437 ad

459 3466 787 3523 illustranda
828 3465 1083 3539 graviora
1123 3466 1402 3539 quaedam
1443 3465 1581 3523 Jesu
1622 3465 1773 3522 dicta
1810 3464 1870 3521 in
1912 3484 1997 3523 ev.
2035 3465 2127 3522 Jo.
2170 3462 2321 3523 Tub.
2359 3458 2503 3524 807.
2546 3454 2611 3525 4.
2634 3496 2729 3506 —-

459 3548 952 3627 Eildebrand’
967 3567 996 3605 s
1055 3566 1110 3605 ιι.
1168 3548 1324 3605 Huf
1329 3550 1356 3605 f
1368 3549 1456 3607 el
1469 3568 1497 3607 s
1554 3548 1875 3607 Zeitschrist
1926 3549 2021 3606 fiir
2074 3546 2731 3625 Predigerwissenschast

461 3610 532 3691 1'1.
559 3629 612 3691 l.
635 3652 718 3711 pg
719 3674 732 3688 .
677 3628 814 3708 go.
837 3632 898 3689 ff.
921 3631 1402 3689 -Ηεηὴηει,
1445 3632 1749 3691 Reinhard’
1754 3652 1781 3689 s
1818 3632 2069 3691 Versueh
2108 3634 2249 3691 iiber
2290 3634 2401 3691 den
2432 3631 2573 3689 Plan
2618 3636 2728 3689 etc.

461 3714 818 3791 Wittenberg
869 3710 1052 3773 1830.
1103 3710 1162 3774 8.
1221 3716 1284 3773 S.
1329 3710 1471 3774 105.
1514 3714 1679 3775 Anm.
1731 3736 1786 3775 ιι.
1839 3718 1899 3774 S.
1942 3713 2088 3776 402.
2128 3750 2215 3760 -
2249 3716 2509 3791 Kling:
2551 3714 2728 3772 theol.

461 3800 706 3859 Studien
752 3820 808 3857 ιι.
865 3798 1138 3859 Kritiken.
1191 3794 1374 3858 1836.
1416 3800 1543 3859 Est.
1598 3800 1643 3857 I.
1687 3800 1748 3858 S.
1796 3795 1935 3861 127.
1980 3800 2045 3859 ff.
2088 3832 2171 3843 --
2214 3800 2374 3858 Chr.
2418 3798 2545 3857 Ad.
2588 3798 2729 3856 Ha·-

462 3890 610 3942 sert
655 3880 1218 3961 (Greisswaldensis):
1269 3882 1462 3941 Ueber
1504 3884 1596 3942 die
1635 3882 2148 3960 Vorhersagungen
2187 3884 2324 3942 Jesn
2364 3902 2477 3941 von
2520 3882 2730 3940 seinem

461 3968 632 4027 Tode
674 3966 793 4025 und
833 3967 1013 4023 seiner
1053 3964 1491 4041 Auserstehung,
1548 3968 1637 4025 ein
1681 3974 1897 4043 exeget.
1943 3970 2190 4043 dogmat.
2234 3966 2499 4025 Versuch.
2556 3966 2729 4023 Ber-

464 4052 541 4109 lin
586 4046 768 4111 1889.
793 4046 872 4120 κ8.
915 4050 977 4109 S.
1035 4044 1117 4109 81
1161 4050 1349 4109 112-
1400 4050 1699 4109 Praeterea
1738 4053 1809 4109 cf.
1852 4050 2264 4123 Kuinoelii,
2326 4045 2727 4125 Tholuccii‚

464 4135 700 4195 Kleeii
741 4135 1164 4192 commentarios
1214 4133 1270 4191 in
1323 4153 1408 4193 ev.
1449 4134 1540 4192 Jo.
1583 4166 1670 4178 —

559 4216 565 4223 ’
631 4214 724 4290 6)“
755 4217 1201 4277 Olshausen:
1245 4216 1607 4277 Commentat-
1636 4221 1711 4277 z'u
1741 4218 1870 4275 dem
1900 4211 2011 4275 Ev.
2044 4218 2177 4277 Joh.
2199 4212 2257 4277 3.
2295 4212 2445 4275 Anu.
2469 4216 2532 4275 S.
2552 4210 2639 4276 86
2660 4215 2723 4277 ff.

637 4296 708 4378 7)
747 4299 1017 4378 Meyer:
1065 4300 1213 4361 Krit.
1255 4300 1579 4362 Handbuch
1618 4301 1758 4363 iiber
1806 4302 1913 4361 das
1952 4302 2058 4363 Ev.
2100 4302 2231 4363 Joh.
2274 4302 2339 4362 S.
2380 4295 2485 4361 42.
