2917 4859
1574 288 1631 357 4

478 457 1038 529 commilitonibus
1102 456 1267 527 mihi
1335 456 1808 527 demandatam
1878 480 1963 527 co
2044 459 2378 528 lubentius
2450 462 2735 583 suscepi,

486 583 625 651 quo
680 562 1056 652 exoptatior
1105 559 1270 628 mihi
1321 569 1468 628 erat
1514 559 1689 629 haec
1749 561 2031 651 aliquod
2082 562 2433 665 singularis
2486 566 2622 631 mei
2669 566 2737 631 in

475 663 586 731 Te
637 664 880 731 amoris
929 663 1398 743 testimonium,
1448 664 1723 754 publice
1774 664 2022 732 edendi
2060 666 2544 755 opportunitas.
2646 666 2738 732 Et

481 766 786 856 quamvis
825 766 1044 855 probe
1095 765 1558 857 intelligerem,
1613 765 1967 833 doctorum
2018 767 2313 835 virorum
2362 766 2738 859 reprehen-

393 928 400 935 .
480 870 738 937 sionem
778 866 944 933 mihi
994 866 1358 934 verendam
1410 891 1593 954 esse,
1646 869 1699 935 si
1740 891 1895 937 mea
1944 868 2305 959 scriptione
2359 892 2471 937 eas
2514 870 2751 938 literas-

481 968 835 1059 adtingere
883 962 1286 1055 auderem‚'
1325 991 1501 1057 quae
1554 978 1622 1037 et
1670 992 1800 1060 per
1860 992 1933 1037 se
1982 972 2413 1060 gravissimae
2466 980 2619 1039 sunt
2665 980 2740 1039 *et

473 1093 792 1163 magnam
831 1071 1176 1158 requirunt
1212 1069 1559 1140 doctrinae
1602 1073 1889 1163 copiam,
1932 1094 2258 1163 magnum
2290 1068 2536 1165 ingenii
2573 1095 2739 1140 acu-

476 1196 672 1261 men,
749 1172 953 1241 malui
1015 1182 1242 1240 tamen
1307 1171 1444 1239 hoc
1514 1174 1784 1242 nomine
1854 1173 2247 1263 vituperari,
2325 1197 2529 1263 quam
2579 1174 2739 1243 huic

391 1301 396 1309 ¹
464 1274 958 1367 jucundissimo
1011 1285 1080 1342 et
1137 1274 1808 1343 honorificentissimo
1861 1276 2091 1342 officio
2143 1276 2395 1345 deesse.
2498 1276 2740 1367 Itaque

475 1375 667 1465 quod
717 1377 1183 1443 munusculum
1235 1377 1541 1445 modeste
1584 1377 1743 1444 Tibi
1800 1375 2175 1463 offerimus,
2252 1377 2391 1445 hoc
2444 1386 2523 1445 ut
2584 1386 2739 1445 tan-

477 1500 684 1567 quam
749 1479 1168 1546 sincerissimi
1233 1480 1481 1547 amoris
1543 1479 1752 1547 nostri
1814 1500 2177 1567 sensusque
2230 1480 2395 1547 Tibi
2458 1481 2739 1572 obligati

473 1582 723 1673 pignus
787 1582 1120 1649 benevole
1184 1582 1513 1673 accipias,
1589 1603 1746 1650 meo
1812 1591 1881 1649 et
1936 1582 2345 1670 reliquorum
2410 1582 2741 1651 sodalium

473 1682 750 1753 nomine.
795 1706 971 1773 rogo
1024 1686 1123 1751 Te
1165 1692 1367 1771 atque
1419 1705 1563 1754 oro.
1617 1722 1706 1735 --

469 1850 480 1863 ,
683 1784 894 1867 Quod
951 1806 1113 1852 vero
1165 1785 1348 1875 elegi
1399 1784 1775 1875 scriptionis
1835 1793 2327 1876 argumentum,
2386 1783 2523 1852 hoc
2570 1784 2737 1853 Tibi

373 1948 380 1953 .
473 1886 930 1957 communium
999 1894 1375 1957 nostrorum
1452 1886 1821 1954 studiorum
1892 1888 2286 1955 memoriam
2360 1888 2735 1956 renovabit.

475 1988 749 2055 Etenim
807 2010 1016 2077 quum
1081 1988 1374 2077 aliquem
1440 1990 2069 2079 circumspectarem
2136 1988 2295 2055 novi
2357 1991 2737 2057 testamenti

469 2090 722 2175 locum,
771 2090 877 2156 cui
913 2112 1042 2181 per
1083 2090 1260 2157 hanc
1279 2090 1639 2159 scribendi
1690 2092 2257 2181 opportunitatem
2308 2112 2529 2157 meam
2561 2113 2737 2179 qua-

470 2191 876 2279 lemcunque
927 2214 1207 2282 operam
1247 2215 1587 2275 navatem,
1637 2193 1706 2259 in
1742 2194 1927 2259 illum
1974 2194 2197 2284 ipsum
2248 2193 2448 2259 incidi
2486 2194 2733 2281 locum,

477 2294 566 2363 de
620 2315 757 2383 quo
793 2292 944 2383 jam
985 2302 1138 2360 ante
1180 2294 1308 2362 hos
1361 2294 1531 2361 duos
1582 2316 1810 2380 annos,
1861 2315 2070 2391 quum
2112 2295 2403 2385 primum
2444 2294 2512 2362 in
2553 2293 2733 2363 hanc

383 2426 394 2432 ·
471 2404 768 2466 nostram
821 2395 1209 2465 societatem
1257 2396 1570 2463 intrarem
1591 2445 1611 2479 ‚
1690 2418 1801 2463 me
1854 2395 2119 2465 Tecum
2184 2395 2529 2487 disputare
2582 2418 2733 2464 me-

469 2498 668 2576 =mini:
715 2497 1153 2565 celeberrima
1193 2497 1316 2563 ista
1359 2498 1514 2593 dico
1557 2496 1735 2566 Jesu'
1756 2495 2008 2567 Christi
2050 2498 2279 2588 verba,
2328 2520 2505 2587 quae
2546 2498 2734 2590 apud

469 2600 810 2668 «Ioannem
865 2598 938 2685 2,
995 2598 1112 2667 19.
1162 2600 1512 2691 leguntur.

680 2692 960 2769 Λύσατε
1005 2692 1132 2770 τὸν
1183 2692 1357 2770 ναὸν
1407 2702 1691 2788 τοῦτον,
1730 2698 1848 2769 καὶ
1898 2700 1973 2771 ἐν
2011 2698 2237 2793 τρισὶν
2266 2692 2553 2793 ἡμέραις
2588 2698 2731 2795 ἐγε-

473 2804 580 2894 ρῶ
629 2792 869 2877 αυτὸν.
2514 2854 2519 2859 ·

675 2905 784 2973 De
833 2902 940 2970 his
983 2900 1236 2969 domini
1269 2903 1477 2970 nostri
1519 2902 1740 2971 verbis
1782 2884 2069 2992 quatuor
2112 2902 2534 2993 potissimum
2559 2924 2733 3023 pro-

474 3005 664 3072 latae
701 3014 852 3072 sunt
903 3028 947 3071 a
995 3004 1146 3070 viris
1201 3003 1413 3071 doctis
1474 3005 1871 3089 sententiae,
1948 3026 2237 3093 quarum
2286 3004 2454 3073 duas
2505 3006 2735 3095 praei-

468 3115 740 3187 verunt,
804 3107 1084 3175 alteram
1133 3093 1511 3197 apostolus,
1580 3108 1857 3173 alteram
1906 3104 1985 3193 ii,
2049 3106 2293 3195 quibus
2342 3105 2517 3173 haec
2569 3106 2736 3175 dixit

467 3208 690 3279 Jesus.
793 3208 1058 3277 Alteras
1123 3229 1287 3275 vero
1353 3230 1572 3298 nuper
1622 3208 1899 3275 demum
1960 3215 2462 3299 proposuerunt
2521 3210 2728 3277 inter-

465 3318 696 3401 pretes
713 3360 734 3397 ‚
795 3304 904 3377 ita
956 3318 1032 3376 ut
1069 3323 1396 3400 negarent
1446 3310 1578 3395 alii,
1626 3310 1793 3379 Jesu
1843 3309 2055 3377 verba
2095 3318 2280 3377 recte
2333 3332 2480 3379 esse
2528 3310 2732 3389 intel·—

463 3412 646 3481 lecta
693 3421 832 3479 tam
883 3434 924 3477 a
949 3411 1245 3497 Judaeis,
1300 3432 1504 3500 quam
1556 3434 1595 3477 a
1620 3411 1921 3491 Joanne3
1972 3412 2081 3479 alii
2106 3412 2347 3479 Jesum
2395 3434 2483 3479 ne
2531 3433 2733 3485 usum

464 3513 743 3603 >quidem
807 3536 958 3581 esse
1005 3511 1110 3579 his
1160 3513 1380 3581 verbis
1435 3513 1935 3583 contenderent.
2036 3514 2197 3605 Age
2260 3514 2493 3605 igitur,
2534 3515 2732 3603 quid

465 3614 635 3683 mihi
685 3616 776 3685 de
826 3614 930 3683 his
981 3613 1184 3706 hujus
1236 3613 1369 3682 loci
1421 3615 1971 3707 explicationibus
2022 3616 2347 3711 videatur,
2400 3615 2577 3686 andi.
2621 3656 2724 3671 -

1383 3952 1796 3962 ——u—-—--—-—-——-—
