2917 4859
1407 250 1557 319 ‘16

379 417 790 511 ροποίητον)
843 406 1292 509 οἰκοδομήσει
1323 415 1362 465 ²
1377 418 1471 508 ⁶).
1577 417 1737 503 Quo
1788 418 1953 488 Jesu
2004 417 2211 506 dicto,
2264 440 2477 510 quum
2526 442 2643 490 ve·

377 520 732 589 hementer
779 517 1287 587 offenderentur
1336 520 1608 606 Judaei,
1654 529 1817 611 post
1867 522 2037 591 Jesu
2086 520 2159 589 in
2206 522 2409 591 vitam
2457 522 2643 592 redi-

377 630 525 691 tum
573 621 774 689 facile
823 619 970 712 ejus
1021 621 1232 689 verba
1280 620 1371 689 acl
1421 621 1604 691 hunc
1633 623 1903 691 referri·
1936 630 2323 716 potuerunt,
2374 632 2521 691 tum
2570 632 2646 695 nt

377 724 592 793 omnis
617 723 706 790 ab
735 744 819 791 eo
843 722 1092 790 invidia
1117 718 1563 809 amoveretur,
1602 732 1747 793 tum
1789 734 1863 793 ut
1898 724 2379 793 vaticiniorum.
2400 735 2643 795 eventu

377 826 980 916 comprobaturum
1029 846 1342 893 numerus
1383 834 1763 918 augeretur.
1866 826 2174 913 Denique
2212 826 2377 915 quid
2416 828 2643 918 impe-

377 926 644 1013 diebat,
709 946 850 1016 quo
917 926 1133 994 minus
1201 926 1496 996 formula
1548 927 1623 996 ἐν
1672 926 1897 1019 τρισὶν
1957 920 2247 1021 ἡμέραις
2300 930 2367 996 in
2414 952 2640 997 resur-

376 1029 688 1098 rectionis
743 1030 1380 1097 commemoratione
1433 1030 1771 1097 sollemnis
1818 1028 1927 1096 his
1966 1029 2137 1098 Jesu
2176 1030 2399 1099 verbis
2434 1032 2640 1099 inter-

375 1139 747 1223 poneretur
797 1138 866 1197 et
923 1151 1086 1198 mox
1143 1131 1426 1199 verbum
1478 1123 1691 1200 ἄλλον
1752 1132 1823 1199 in
1874 1121 2129 1213 αὐτόν,
2192 1124 2639 1225 οἰκοδομήσω

376 1234 446 1302 in
496 1232 708 1325 ἐγερῶ
759 1240 1126 1300 mutaretur
1145 1232 1182 1299 ἓ
1261 1231 1428 1320 ,sed
1494 1234 1563 1299 in
1626 1233 1807 1300 omni
1870 1232 2005 1301 hac
2058 1234 2637 1323 argumentatione

374 1335 541 1407 nihil
567 1344 724 1402 'non
771 1333 1079 1424 pendere
1127 1354 1214 1401 ex
1260 1356 1448 1403 mero
1500 1334 1642 1403 Str
1658 1334 1929 1403 ausii
1976 1334 2274 1423 arbitrio,
2327 1334 2489 1426 quin
2536 1337 2639 1407 in-

373 1437 659 1529 tenigat,
711 1456 912 1505 nemo
963 1442 1086 1504 est·
1119 1472 1223 1489 -

1427 1647 1585 1736 lv.

579 1807 718 1903 Per
763 1804 887 1872 has
936 1803 1143 1895 igitur
1178 1801 1801 1893 interpretationum
1840 1802 2165 1895 ambages
2208 1824 2293 1871 eo
2330 1801 2481 1893 jam
2523 1827 2635 1872 re·-

377 1908 557 1978 dacti
607 1929 859 1989 sumus,
907 1914 985 1973 ut
1036 1904 1127 1972 ad
1180 1926 1330 1971 eam
1377 1903 1736 1972 redeamus
1787 1906 2153 1973 verborum
2196 1906 2365 1974 Jesu
2417 1906 2635 1996 expli-

291 2074 298 2079 .
378 2010 744 2095 cationem,
809 2030 987 2097 quae
1051 2014 1118 2075 et
1168 2006 1618 2095 antiquissima
1670 2013 1802 2093 est,
1872 2016 1941 2074 et
1989 2007 2132 2074 sola
2178 2007 2439 2096 reliqua
2488 2028 2637 2075 esse

258 2130 270 2144 ·
375 2111 675 2181 videtur.
739 2108 831 2178 ad
895 2116 1192 2199 spretam
1241 2108 1426 2176 illam
1478 2130 1521 2175 a
1568 2107 1783 2175 doctis
1836 2107 1992 2176 viris
2045 2108 2465 2178 Judaeorum
2516 2130 2638 2175 ex-

375 2212 829 2311 plicationem,
884 2210 1020 2299 qni,
1055 2210 1292 2279 Jesum
1344 2209 1432 2277 de
1479 2210 1633 2301 ipso
1682 2207 1942 2300 'templo
1989 2208 2199 2299 loqui,
2244 2231 2379 2278 non
2433 2209 2637 2278 dubi-

374 2316 630 2385 tabant.
752 2311 936 2381 Huic
998 2333 1161 2379 vero
1229 2350 1310 2365 -
1369 2334 1577 2401 quam
1638 2310 1979 2379 brevitatis
2046 2332 2259 2404 ergo
2277 2310 2639 2381 Judaicam

374 2416 725 2509 appellare
774 2414 971 2482 liceat
1013 2452 1123 2467 —
1169 2411 1698 2503 interpretationi
1757 2412 1996 2503 pauci,
2041 2411 2271 2501 quoad
2322 2412 2639 2503 equidem

377 2521 606 2604 sciam,
637 2516 1039 2610 patrocinati
1062 2523 1232 2583 sunt.
1283 2513 1550 2583 Etenim
1584 2524 1856 2605 praeter
1888 2514 2113 2582 Forb
2129 2536 2216 2583 er
2226 2536 2456 2605 grum
2487 2514 2637 2605 ²⁷),

375 2621 592 2712 Lycei
642 2617 1014 2688 Salfeldani
1063 2614 1410 2715 quondam'
1462 2624 1923 2684 conrectorem
1941 2664 1962 2702 ,
2014 2616 2131 2705 qui
2192 2615 2284 2684 ita
2336 2615 2427 2685 de
2476 2616 2635 2685 loco

373 2730 610 2793 nostro
663 2720 948 2811 scripsit,
996 2727 1073 2786 ut
1120 2726 1393 2810 praeter
1443 2718 1840 2787 sententiam
1889 2718 2111 2809 ipsam
2160 2716 2324 2785 nihil
2372 2719 2446 2785 in
2486 2716 2634 2810 ejus

375 2824 738 2915 scriptione
801 2821 1075 2912 plaeere
1125 2821 1379 2910 possit,
1447 2817 1953 2907 quodammodo
2004 2825 2190 2887 certe
2250 2816 2634 2889 Olshau-

375 2922 655 2995 senius
673 2970 694 3009 ,
747 2922 936 3015 cujus
986 2915 1335 2989 decretum
1387 2943 1594 3011 snpra
1645 2919 2332 2992 commemoravimus,
2375 2961 2455 2973 —
2504 2919 2637 2989 Cui

375 3026 703 3100 Judaicae
760 3022 1287 3114 interpretationi
1337 3045 1457 3091 cur
1507 3031 1575 3091 et
1626 3044 1763 3111 quo
1814 3044 2009 3091 sensu
2032 3015 2184 3091 'nos
2238 3022 2439 3090 etiam
2490 3021 2635 3091 suf-

373 3128 742 3223 frugemur,
783 3125 935 3217 jam
985 3124 1280 3192 breviter
1329 3124 1805 3221 enarrabimus.
1862 3162 1941 3175 —
2196 3152 2203 3161 ·

581 3230 653 3320 1)
717 3228 813 3296 Et
871 3227 1166 3319 primum
1224 3224 1562 3314 quidem
1558 3263 1651 3277 --
1706 3224 1847 3292 hoc
1909 3224 2085 3293 enim
2138 3244 2223 3291 ex
2272 3222 2387 3303 iis,
2451 3244 2632 3312 quae

373 3330 698 3400 hactenus
748 3328 1252 3420 disputavimuS‚
1303 3328 1458 3395 satis
1512 3306 1882 3395 luculenter
1932 3346 2268 3417 apparere
2317 3330 2632 3414 putamus

329 3457 338 3462 ·
375 3472 480 3487 -
529 3432 584 3501 si
637 3431 782 3501 sola
832 3431 1004 3500 Jesu
1050 3429 1264 3497 verba
1315 3437 1385 3497 et
1420 3428 1520 3505 rei
1557 3428 2003 3495 narrationem
2043 3426 2431 3519 simpliciter
2466 3447 2632 3516 spe-

376 3542 667 3625 ctamus,
728 3533 1012 3625 propria
1072 3530 1432 3599 verborum
1482 3530 1649 3600 Jesn
1708 3528 2167 3620 interpretatio
2227 3527 2370 3595 veri
2428 3526 2632 3596 sinul-

541 3798 658 3881 26)
694 3800 858 3880 „Das
895 3797 1191 3859 Falsche
1174 3818 1234 3859 ιιι
1267 3797 1449 3857 dieser
1488 3798 1751 3901 Anssage
1786 3790 1901 3872 (οτι
1945 3789 2001 3859 Ἰ.
2042 3792 2084 3856 ὁ
2134 3794 2481 3872 Ναζωραῖος
2522 3782 2631 3855 οὗ·

373 3910 478 3963 τος
516 3882 838 3950 καταλύσει
879 3880 988 3945 τόν
1019 3878 1220 3947 iduor
1235 3886 1509 4009 τοῦτον,
1492 3873 2241 4023 ἀακαὶπιίἰλέεᾶξὸεὲἆοὶώέῑη
2278 3873 2632 4007 ιιι-παρέδω-

373 3995 482 4037 κεν
522 3968 675 4133 ''2⁹73‘'
697 3965 1044 4111 &avg-239}
1055 3968 1143 4111 ξ
1103 3988 1148 4109 ἓ
1143 3984 1247 4109 1:¹1¹:
1243 3977 1334 4126 rtg
1335 3964 1472 4109 1153)
1546 4047 2087 4107 animadversionum
2136 4046 2195 4105 in
2248 4043 2373 4103 loca
2426 4043 2631 4103 selecta

373 4158 434 4208 n.
481 4146 527 4200 t.
577 4156 726 4215 spec.
769 4136 814 4195 Ι.
861 4135 1037 4195 Jenae
1080 4129 1262 4195 1797.
1297 4128 1358 4193 4.
1406 4166 1496 4178 -
1544 4132 1701 4193 Tota
1748 4132 1869 4207 ejus
1920 4129 2147 4207 scriptio
2200 4128 2441 4206 repetita
2490 4128 2632 4205 legi-

373 4224 544 4282 turin
570 4220 907 4281 bibliotheca
949 4218 1104 4281 Joh.
1139 4216 1297 4280 Ern.
1332 4215 1496 4275 chr.
1532 4214 1943 4275 Schmidtii:
1980 4210 2633 4273 BibliothekfiirKritik

373 4326 430 4365 u.
465 4304 724 4381 Exegese
763 4304 866 4363 des
911 4322 970 4363 n.
1011 4302 1086 4363 Τ.
1128 4306 1233 4361 ete.
1274 4300 1386 4360 Bd.
1427 4294 1488 4357 2.
1533 4300 1619 4359 St.
1663 4294 1723 4357 2.
1772 4300 1836 4361 S.
1872 4292 2001 4359 334
2042 4296 2108 4358 ff.
2130 4330 2217 4341 --
